2602 4536
115 330 186 402 cqc
507 304 547 376 Ρ.
580 302 817 375 TERENTII

112 484 234 555 Faciet,
248 484 312 547 nisi
327 502 436 547 caveo.
464 482 501 547 B.
511 482 705 564 Dormiunt3
720 484 776 565 pol
789 501 847 565 ego
864 480 941 540 istos
958 478 1190 539 commovebo.

113 568 189 629 Mes
209 568 374 652 Phrygia.
394 568 556 639 audistin’,
578 567 674 628 modo
695 586 789 648 quem
812 563 924 625 villam
945 560 1191 623 demonstravit

114 650 303 717 Charini...
339 654 375 716 F.
395 651 523 712 Audivi.
560 651 596 713 B.
616 650 814 711 Proxumum
834 668 900 708 esse
920 645 1002 711 huic
1020 644 1132 707 fundo
1153 642 1190 705 ed

298 730 332 767 ‘-
631 733 804 794 dextram?
844 734 884 793 Ρ.
905 726 1065 789 Memini.
1154 736 1189 791 10

112 814 149 879 B.
169 816 337 879 Curriculo
357 835 525 899 percurre:
548 816 632 897 apud
652 835 727 876 eum
748 815 840 875 miles
861 812 1021 891 Dionysio
1042 812 1159 893 agitat.

112 899 142 962 8.
166 899 254 977 Quid
275 900 356 962 haec
376 900 523 980 coeptat?
572 902 610 961 B.
639 899 701 962 Dic
721 917 774 959 me
796 897 850 956 hic
872 894 990 977 oppido
1009 912 1083 955 esse
1103 894 1183 955 inri-

574 1006 577 1013 ’
628 994 715 1052 tam,
737 995 833 1061 atque
854 977 1040 1046 adserveri;

113 1054 354 1143 Verum'eliquo
371 1079 464 1146 pacto
479 1062 573 1127 verba
586 1085 638 1127 me
653 1065 703 1127 his
717 1067 861 1126 daturam
877 1081 941 1124 esse
956 1072 991 1120 et
1002 1071 1181 1121 venturam.

29 1184 32 1191 ·
111 1148 141 1211 S.
164 1149 253 1213 Perii
272 1147 399 1212 hercle!
423 1149 567 1222 Bacchis,
589 1167 702 1219 mene3
725 1147 838 1213 mane!
861 1165 925 1231 quo
946 1142 1057 1206 mittis
1078 1144 1180 1214 istun,

651 1233 769 1292 ueeso?

110 1310 191 1372 Jube
211 1327 354 1393 maneet.
395 1316 435 1380 B.
455 1313 488 1381 I!
525 1313 555 1380 8.
576 1254 665 1395 Qudn
686 1327 732 1375 est
754 1325 901 1394 peratum
924 1319 1103 1389 argentum
1120 1353 1129 1370 .
1146 1352 1154 1370 .
1169 1332 1190 1368 .’

630 1400 668 1461 Β.
692 1399 781 1477 Quin
802 1415 861 1477 ego
882 1410 1009 1455 moneo.
1143 1398 1178 1455 15

48 1527 51 1533 .
111 1473 142 1538 S.
157 1476 259 1556 Atqui
276 1477 340 1556 jem
357 1481 496 1547 debitur.
526 1482 563 1544 B.
580 1482 624 1543 Ut
640 1481 738 1542 lubet.
767 1478 856 1539 Num
873 1497 933 1557 ego
947 1468 1062 1540 insto?
1090 1470 1120 1536 8.
1135 1474 1178 1533 At

632 1562 708 1624 scin’
728 1561 825 1642 quid,
847 1559 961 1651 sodes?

109 1642 146 1706 Β.
164 1643 275 1725 Quid?
311 1645 341 1711 S.
357 1647 602 1711 Transeundum
622 1667 711 1709 nunc
731 1644 792 1706 tibi
815 1642 856 1704 ad
870 1639 1110 1713 Menedemum
1121 1650 1186 1711 est,-
1210 1708 1214 1717 .

629 1743 662 1791 et
683 1744 738 1789 tuo
783 1744 876 1786 orna

108 1806 161 1868 Eo.
175 1810 371 1873 traducenda
391 1824 448 1877 est.
490 1811 529 1877 Β.
541 1812 658 1893 ¹Quam
678 1832 749 1872 rem
759 1744 855 1890 {gisl
868 1806 1010 1893 scelus?-
1037 1802 1073 1869 8.
1090 1800 1173 1889 Ego?

628 1897 807 1976 Argentum
829 1889 922 1963 cudo,
1106 1934 1118 1965 f.

110 1972 206 2057 Quod
227 1972 287 2039 tibi
308 1976 391 2041 dem.
444 1978 481 2044 B.
508 1978 653 2061 Dignam
680 1996 732 2037 me
762 1988 873 2055 putas,
905 1989 1003 2052 quem
1028 1962 1176 2033 inludo}

629 2048 661 2123 S.
682 2060 758 2121 Non
780 2071 826 2118 est
846 2069 978 2117 temere.

107 2138 144 2203 Β.
165 2139 317 2205 Etiamne
337 2156 446 2206 tecum
466 2142 523 2204 hic
542 2164 594 2205 res
614 2142 697 2203 mihi
715 2155 768 2281 est1
772 2141 789 2280 ἓ
828 2137 860 2205 8.
882 2135 1056 2217 Minume3
1083 2151 1174 2201 tuum

242 2222 246 2229 ¹
629 2227 692 2287 tibi
714 2243 748 2284 re
792 2243 822 2287 ο.
989 2266 995 2275 .
1138 2226 1172 2281 20

107 2302 145 2364 Β.
157 2303 267 2365 Eatur.
288 2299 319 2369 S.
334 2301 475 2385 Sequere
489 2306 562 2371 hac.
582 2306 682 2379 Heus,
703 2304 840 2367 Dromo!
862 2302 902 2366 D.
920 2303 1002 2382 Quis
1017 2318 1073 2365 me
1090 2300 1173 2362 volt?

630 2389 660 2449 8.
677 2388 783 2467 Syrus.
804 2387 844 2446 D.
863 2386 951 2465 Quid
965 2398 1013 2447 est
1028 2386 1102 2447 rei?
1122 2387 1174 2447 it.

30 2532 35 2545 ¹
109 2463 139 2529 S.
147 2466 286 2536 Ancillas
295 2472 399 2531 omnis
409 2470 577 2532 Bacchidis
585 2471 717 2531 traduce
730 2472 797 2535 huc
811 2470 847 2529 cd
860 2489 913 2528 vos
924 2480 1072 2549 propere.
1094 2468 1174 2530 i.t.c.

106 2549 149 2614 D.
173 2548 417 2637 Quamobrem?
459 2553 489 2614 8.
512 2556 565 2621 Ne
586 2574 725 2634 quaeras.
768 2552 931 2624 Efferant,
960 2550 1046 2633 quae
1067 2568 1174 2613 secum

626 2637 692 2703 huc
713 2637 902 2699 attulerunt.

175 2754 201 2807 8.
224 2744 304 2799 Bene
326 2744 376 2797 hio
398 2760 514 2824 quoque
532 2747 655 2863 Gugeta
678 2748 739 2818 pol
762 2764 837 2818 ogo.
861 2734 982 2810 ’Δμέτρως
997 2744 1088 2806 libris
1112 2762 1174 2819 ego

108 2810 179 2883 pol.
215 2828 239 2880 9.
258 2811 486 2873 usmarus,
511 2829 567 2863 mo
601 2816 953 2885 oistehomoquem
971 2812 1048 2867 ud.
1079 2816 1195 2873 uenti„

66 2888 69 2895 ’
109 2878 268 2931 secuudum
284 2879 418 2931 meliores
435 2877 529 2941 codd,
546 2880 718 2947 quibuscum
734 2881 845 2934 fuciunt
861 2884 885 2933 A
902 2880 997 2935 Berol.
1015 2882 1173 2943 Helnuted.

108 2945 184 2996 Frib.
211 2946 340 2999 deceno:
364 2945 550 3001 cridistin’.
585 2947 640 2999 Sed
664 2949 720 3000 hoc
743 2964 855 3017 parum.
889 2950 954 3001 Non
977 2946 1094 3003 ferendi
1119 2958 1175 3003 tem

76 3023 81 3031 ·
108 3009 220 3061 horridi
238 3013 353 3065 numeri
372 3016 402 3065 in
420 3013 572 3066 Terentio:
596 3014 675 3065 Mea
698 3014 897 3085 Phrygile,
923 3014 1120 3085 audiistiu
1136 3018 1174 3069 m'

109 3076 137 3127 d‘
159 3077 254 3147 ilste
279 3078 393 3131 homo.
428 3080 463 3127 At
486 3079 513 3129 ui
531 3080 555 3131 B
573 3091 602 3130 et
620 3081 763 3141 C‚Beroll.
782 3081 940 3135 Helmstud.
957 3080 1037 3135 Frib.
1060 3084 1173 3135 Ascem.

108 3158 168 3195 non
185 3143 257 3195 iste
275 3143 395 3210 homo,
414 3144 462 3195 sed
507 3162 586 3198 omo
604 3147 684 3199 iste.
719 3149 802 3201 Tolle
820 3164 922 3218 regens
939 3149 1097 3219 glossema,
1116 3164 1172 3201 me-

108 3226 234 3279 cumque
257 3211 287 3263 iu
316 3212 400 3264 verbo
432 3210 626 3265 demonstr.
655 3215 788 3285 intellige
813 3214 966 3289 uliquis,
996 3216 1173 3268 Graecorum

107 3306 203 3359 more,
230 3290 270 3346 ric
293 3303 377 3340 suum
395 3286 551 3341 subaudire
567 3289 736 3356 solitorum,
762 3308 846 3360 quem
862 3308 974 3347 morem
991 3292 1093 3349 Latini
1110 3293 1171 3345 imi·

108 3372 218 3419 tantur,
254 3358 315 3411 vid.
333 3359 427 3413 Pleut.
444 3360 523 3413 Acin.
542 3377 566 3425 2,
584 3378 610 3441 4,
628 3362 669 3427 46.
688 3366 823 3434 (Neget
839 3381 916 3419 esse
933 3368 1059 3431 intus.)
1087 3366 1169 3439 Cure.

107 3448 135 3497 4,
155 3446 178 3497 ι,
195 3447 220 3498 7.
240 3428 305 3501 (Ne
322 3426 439 3483 nimio
463 3444 573 3497 opere
590 3440 708 3483 sumat
725 3448 885 3500 operam,
911 3432 939 3483 si
964 3447 1071 3500 quem
1095 3448 1170 3485 cou-

107 3507 260 3551 reuturu
282 3494 394 3557 velit,
420 3494 469 3545 ubi
493 3494 601 3547 frustra
623 3498 702 3549 Junt.
721 3508 750 3549 et
766 3497 844 3549 Ald.:
868 3500 933 3569 qui
957 3500 1062 3566 quem
1079 3516 1105 3551 c.
1123 3510 1170 3565 ι),

109 3574 138 3616 et
154 3579 226 3636 quos
263 3576 393 3615 rectores
410 3560 470 3621 cius
488 3561 598 3613 Comici
616 3560 692 3619 locos
710 3564 887 3619 laudavimus
913 3564 944 3617 iu
965 3565 1095 3619 editions
1112 3582 1172 3619 me·

106 3632 167 3696 jore
184 3630 219 3681 ed
236 3578 314 3681 driu.
333 3640 389 3693 433.
416 3624 530 3679 Sallust.
548 3630 662 3695 Fregm.
681 3631 782 3687 incert.
801 3630 822 3695 d.
839 3648 871 3695 4³
898 3647 991 3701 neque
1008 3649 1076 3685 mox
1092 3632 1172 3703 iugo·

106 3714 166 3749 nuo
183 3695 298 3767 corpori
316 3694 463 3747 honestius
480 3709 568 3761 quem
584 3711 638 3765 pro
655 3708 746 3749 vestra
763 3696 854 3748 salute
872 3700 959 3751 linem
976 3699 1053 3753 ritae
1079 3697 1171 3753 fecc-

107 3765 169 3814 rit.
197 3763 241 3815 Cf.
256 3764 352 3817 Horat.
368 3760 424 3813 Sat.
442 3776 465 3821 ι,
482 3777 507 3823 4,
526 3777 565 3828 79.
602 3778 641 3813 12.
660 3764 707 3815 Sic
724 3762 843 3832 plurimi
861 3764 951 3831 codd,
969 3766 1061 3819 etiem
1077 3765 1169 3819 nostri

107 3829 208 3899 scripti
225 3836 255 3885 et
271 3828 348 3885 Frih.
378 3828 427 3880 V.:
452 3826 549 3897 Quid
570 3827 758 3899 inceptet?
789 3831 1167 3885 ABerol.:.observeri.

110 3920 148 3971 ¹4·
161 3906 271 3961 irtam
285 3902 385 3959 nostri.
403 3904 452 3959 Vc
467 3902 590 3959 istanc
607 3919 752 3977 quaeso,
770 3898 1009 3977 quod'ucm'cuuov,
1045 3908 1085 3963 26.
1098 3911 1170 3963 ism

70 4044 75 4061 ν
106 3976 201 4032 ΒοηῑΙ.
234 3978 349 4057 liubent
365 3993 382 4031 e
396 3976 503 4031 uostris
518 3978 679 4033 Helmcted.
695 3977 772 4058 Frib.
788 3982 900 4059 Asceus.
911 4046 917 4059 ·
927 3982 959 4033 V·
970 3980 1167 4051 desideretur,

106 4042 488 4176 lii¹¹lsit¹¹lulizul
499 4044 1167 4185 {iiiimxiiiilisuiri‘ssliul:

608 4278 624 4311 Χ
