2602 4536
107 303 179 377 ooo
278 268 284 285 '
329 330 356 373 ,-
468 264 804 365 ..runrnour'u

105 480 234 543 Facere·
247 496 314 547 eme
333 492 452 541 autam.
494 472 531 537 G.
551 474 627 536 Vin’
644 492 700 535 me
718 471 804 534 istus
816 470 888 545 tibi,
907 468 1191 534 etsi-incredibile

234 624 237 629 ,
382 558 415 595 ‘¹
529 584 532 591 ¹
629 554 891 629 emendaret·
932 552 1188 620 -asadttt

51 636 58 657 ¹
107 642 224 706 Credo.
257 639 310 705 Sr.
325 639 442 703 Nescio
459 636 674 720 quiipeccari
688 651 795 718 portet
809 636 889 698 haec
903 638 1068 719 purgatio.
1091 648 1118 698 t.
1128 647 1153 698 t.
1163 655 1193 699 cs

108 725 162 790 So⁸
183 724 415 798 Meministin',
435 742 494 783 me
513 744 580 785 erse
599 720 783 806 grauiam,
805 735 837 781 et
862 721 946 781 mihi
966 735 1001 781 te
1022 737 1188 781 maxumo

630 823 726 887 opere
746 804 1006 872 interminatum,
1059 802 1086 865 i.
1111 800 1185 865 tssh
1208 822 1212 829 '

107 890 143 967 Si
154 890 301 971 puel-lam
340 888 690 959 arerem-nollemus?
713 883 1074 964 G.Sci0,quidiecerist
1096 896 1184 949 tte

108 972 280 1037 Sustulisti.
315 910 370 1034 ir.
387 968 456 1048 (Sic
472 972 498 1031 si
515 973 657 1033 factum}
678 968 830 1031 dominae
850 989 926 1051 ergo
939 965 1040 1027 herus
1059 967 1182 1028 damno

24 1054 27 1059 '
197 1096 205 1111 ..
421 1088 428 1101 «
512 1084 515 1089 ·
627 1049 830 1129 auctusest.)
867 1048 1014 1113 .as.t.d.
1027 1049 1050 1111 i.
1066 1048 1113 1111 d..
1144 1055 1180 1113 15

19 1194 29 1213 ,¹
108 1137 162 1202 So.
183 1136 355 1211 Minume3
384 1134 440 1199 sed
467 1147 536 1197 erat
560 1136 615 1199 hio
635 1132 806 1277 Coginlt'hia
833 1152 913 1194 anus
932 1130 1024 1192 haud
1044 1132 1179 1213 inpura3

150 1248 153 1259 ¹
629 1218 661 1279 ei
703 1218 755 1277 ei
979 1226 1003 1275 t
1024 1225 1047 1275 t.
1071 1232 1102 1277 c.
1130 1220 1136 1227 ’

107 1299 351 1376 Exponendem.
393 1302 431 1364 C.
455 1299 483 1373 O
503 1301 647 1381 Jupiter,
668 1311 836 1361 tantamne
856 1317 923 1361 esse
943 1297 979 1356 in
999 1298 1112 1358 animo
1132 1299 1178 1359 in·

426 1380 429 1385 ’
481 1422 486 1431 ·
586 1414 591 1423 ·
630 1382 780 1444 stiriam?
944 1376 1177 1442 astuto.
1218 1402 1222 1411 ·

109 1461 161 1527 So.
182 1465 280 1539 Perii,
302 1463 382 1547 quid
402 1487 466 1551 ego,
482 1464 569 1534 fecii
604 1466 642 1528 C.
664 1467 708 1527 At
728 1462 870 1546 rogitas?
908 1458 959 1523 So.
981 1458 1017 1521 Si
1035 1463 1176 1541 peccavi,

490 1578 494 1583 ·
631 1550 680 1609 mi
700 1544 855 1607 Chreme:
946 1607 949 1614 ,
1060 1554 1085 1605 t.
1103 1554 1127 1604 t.
1147 1563 1175 1604 c.

108 1630 254 1701 Insciens
271 1629 360 1697 ieci..
391 1632 427 1693 C.
451 1630 489 1693 la
505 1629 639 1710 quidem
659 1650 731 1711 ego,
756 1631 784 1689 si
803 1642 842 1689 tu
863 1646 971 1709 neges,
992 1637 1080 1687 certo
1102 1624 1174 1697 scio,

108 1708 358 1783 Teinscientem
366 1726 461 1792 atque
469 1710 699 1792 inprudentem
712 1711 816 1773 dicere
828 1722 866 1770 ee
875 1710 980 1769 facere
991 1710 1118 1775 omnia:
1138 1718 1175 1771 20

98 1793 173 1877 ¹Tot
187 1807 318 1876 peecata
331 1794 490 1855 inhaere
503 1793 654 1855 ostendis.
676 1792 709 1853 N
710 1812 763 1853 am
778 1793 845 1869 jam
859 1795 1018 1873 primum,
1028 1793 1055 1852 ei
1067 1804 1175 1853 meum

12 1934 19 1952 ,
107 1875 291 1957 Imperium
308 1874 443 1955 exsequi
464 1874 633 1937 voluisseut
654 1876 866 1937 interemtam
886 1873 1048 1955 oportuit3

22 2406 24 2411 ,
110 2364 276 2417 Brunianus
292 2360 368 2414 liber
385 2378 430 2431 ap.
448 2364 573 2415 Palmer.
618 2381 692 2433 amp.
711 2364 828 2417 Gruter.
845 2381 871 2431 4.

108 1959 186 2021 Non
206 1956 358 2039 simulare
380 1971 522 2019 mortem
543 1958 663 2026 verbis,
685 1979 720 2019 re
741 1961 810 2038 ipsa
830 1977 921 2036 spem
941 1957 1028 2016 vitoe
1045 1954 1133 2019 dare.
1203 1956 1207 1971 '

80 2052 83 2057 ’
108 2039 152 2101 At
171 2040 206 2100 id
227 2041 361 2101 omitto:
382 2041 769 2118 misericordie,hanimus
790 2053 975 2108 maternum
997 2038 1078 2103 sino.

110 2123 217 2205 Quam
244 2123 326 2183 bene
353 2139 428 2182 vero
459 2122 514 2183 abs
544 2116 578 2185 te
598 2136 805 2203 prospectum
825 2134 892 2198 est,
923 2121 1009 2203 quod
1040 2121 1176 2195 voluisti,

631 2207 748 2285 cogita.
1140 2210 1175 2268 25

179 2312 220 2349 ro.
238 2302 366 2365 portet
381 2294 533 2349 Fuimiani
549 2314 568 2350 a
600 2314 637 2350 ue
653 2298 832 2365 Bentlejsni,
856 2296 929 2351 item
944 2299 970 2351 A
986 2306 1016 2350 et
1031 2298 1056 2353 B
1071 2296 1175 2377 ¹Beroil·

98 2430 182 2507 ¹siut.
205 2431 256 2481 V.·
272 2436 415 2507 portet,
454 2426 511 2479 uod
527 2429 574 2478 vix
589 2428 724 2483 latinum.
760 2447 800 2498 ²3·
820 2429 865 2482 Sic
879 2372 1049 2497 hlfflug
1057 2376 1178 2493 211ng

110 2497 181 2551 bino
197 2497 364 2547 Virtomane
386 2502 415 2545 et
459 2493 660 2562 uelferbytano
683 2496 861 2562 discesseris,
886 2497 917 2547 in
933 2496 1040 2576 quibus
1062 2514 1117 2568 pro
1131 2498 1178 2551 in·

110 2573 212 2616 term.
232 2561 341 2628 legitur
358 2559 399 2612 ed
409 2561 528 2625 icere,
541 2562 625 2631 ,quod
640 2564 766 2633 speciem
782 2562 964 2632 glossematrs
980 2563 1068 2617 habet
1083 2564 1177 2619 suble·
1209 2600 1212 2605 -

111 2629 154 2683 cti
164 2643 250 2680 versu
265 2640 304 2677 ro.
341 2640 380 2693 15.
397 2628 496 2695 Inepte
513 2626 583 2679 libri
597 2628 724 2698 vulgati:
743 2629 789 2681 Sr.
807 2629 867 2681 Sic
883 2628 1109 2699 estfactum,
1126 2632 1178 2685 tio·

111 2693 218 2749 mina.
236 2711 275 2745 er
309 2692 370 2745 oh.
389 2694 416 2744 d.
433 2709 458 2743 a.
478 2703 542 2745 est.
576 2697 696 2748 Factum
719 2694 958 2748 hocitesoireS
980 2708 1030 2748 rut
1054 2714 1114 2751 non
1129 2715 1178 2771 po·

110 2762 177 2815 tuit'.
212 2708 301 2831 Quoi
313 2756 542 2811 animadvertens
557 2760 703 2813 Acidalius
719 2762 750 2813 in
766 2765 842 2813 notis
859 2761 896 2813 ad
912 2764 952 2813 Ve
976 2764 1057 2827 ejum
1071 2763 1180 2819 Sostra-

111 2826 159 2882 tie
175 2828 247 2880 haec
263 2827 385 2893 tribuit,
402 2822 546 2895 legitquer
564 2827 712 2877 domina
727 2842 793 2906 ego
810 2829 909 2898 (sum).
931 2828 1065 2893 Bentleio
1080 2840 1179 2885 etitem

112 2895 169 2948 hoc
185 2900 290 2962 ponere
307 2895 402 2945 visum
418 2898 474 2946 est:
498 2890 560 2943 Sic
575 2900 630 2943 est
653 2892 691 2947 h:
713 2908 835 2952 minor
856 2910 944 2962 ergo
966 2895 1078 2947 herne
1099 2896 1129 2949 ti.
1150 2912 1176 2951 ι.

113 2968 179 3012 est.
212 2958 267 3010 Sed
282 2969 362 3012 recte
378 2960 524 3027 Guyetuer
541 2960 689 3024 „Erusne,
706 2958 821 3028 inquit,
840 2959 1007 3029 „Clitipho,
1033 2980 1070 3015 en
1086 2962 1180 3017 Girre-

112 3040 175 3078 mes
192 3022 295 3076 damno
312 3034 413 3078 auctus
430 3022 491 3077 est?
518 3042 586 3077 nem
609 3025 760 3093 utriusque
780 3042 879 3079 servus
895 3028 983 3095 Syrus
1000 3026 1059 3081 dici
1072 3036 1182 3099 potest.-

114 3090 312 3158 Giitiphonom
324 3090 507 3160 Eugrnphius
522 3090 673 3161 intelligit,
690 3091 768 3160 quod
784 3093 810 3144 ei
826 3090 926 3163 puella
943 3092 1076 3147 cohaeret
1091 3110 1180 3149 vene·

112 3158 164 3211 rit.
198 3156 302 3209 Malim
318 3156 367 3208 hic
383 3156 568 3211 Chremetem
589 3157 698 3227 occipir
721 3156 850 3212 filiarum
874 3161 954 3212 onim
976 3159 1056 3213 dotes
1078 3160 1179 3214 domos
1205 3202 1209 3207 .

113 3223 202 3277 etiem
219 3223 369 3291 opulentes
386 3223 590 3276 exhauriunt.“
615 3226 712 3303 Apage
727 3226 818 3292 igitur
835 3227 978 3278 minorem
994 3227 1112 3295 herum,
1131 3244 1179 3281 oo·

114 3291 251 3357 dicesque
266 3290 361 3357 potius
373 3305 529 3359 sequemur
540 3289 617 3357 illos,
632 3290 779 3359 inquibus
793 3290 904 3360 legitur
920 3293 951 3343 si
968 3293 1020 3343 sio
1037 3294 1178 3347 facturn

113 3364 179 3420 est,
239 3369 324 3407 orum
340 3369 356 3405 e
368 3371 490 3408 numero
506 3355 651 3409 librorum
666 3366 736 3408 eunt
747 3359 771 3408 A
783 3356 878 3409 Berol.
890 3357 1055 3421 Helmstad„¹
1065 3362 1177 3413 Annene.

112 3422 191 3476 Dein
244 3419 400 3490 legendum
416 3422 590 3477 hauddubie
603 3431 645 3475 est
662 3421 830 3476 dominae
848 3439 942 3493 ergo,
960 3422 990 3475 h.
1004 3442 1029 3477 e.
1046 3426 1179 3481 dominae

114 3504 210 3553 carrea,
227 3496 346 3558 propter
363 3487 516 3542 dominam.
542 3490 682 3542 Ceterum
697 3491 826 3557 Guyotus
841 3506 901 3543 non
917 3492 1006 3544 mele:
1022 3490 1105 3557 Idem
1117 3494 1178 3545 Eu·

114 3554 250 3625 graphius
267 3557 298 3598 τδ
320 3554 447 3606 damno
470 3565 601 3608 auctus
624 3564 681 3608 est
702 3569 776 3607 nove
796 3558 924 3625 positum
940 3554 990 3607 hio
1007 3567 1107 3627 putatr
1128 3556 1180 3613 sed

114 3622 227 3690 phrasis
243 3625 323 3673 retus
339 3629 383 3672 est
399 3630 561 3675 mactare
583 3623 690 3689 melo,
715 3621 861 3686 damno,
885 3623 1127 3692 infortunio,
1150 3634 1179 3679 et

114 3687 235 3740 similes.
265 3695 431 3739 mactare
453 3698 550 3741 autem
567 3698 611 3740 est
625 3704 739 3758 sugere.
781 3705 792 3739 1
813 3727 819 3739 .
843 3690 891 3740 Sic
912 3689 972 3740 fere
995 3689 1095 3759 coda,
1118 3698 1185 3745 nod

115 3762 270 3832 tentam,
296 3762 330 3804 ut
352 3752 491 3833 Calpuru.
515 3756 626 3821 Bruti,
647 3770 763 3831 morum
783 3704 831 3807 iili
853 3756 1033 3808 trochaicum
1061 3774 1178 3839 versum

112 3818 485 3954 {iiiiiih‘ssizpiiiiiiss
501 3821 977 3957 ?t”t‡⁸‡·0{s¹z·;2*r}¹h¹ssrr.
993 3839 1130 3942 rita.
1145 3842 1179 3943 ’.ἵὶ

113 3951 345 4009 Hermetem-snt
359 3954 487 4019 rogas?
511 3956 558 4009 V.r
573 3954 745 4022 Rogitas?
767 3954 898 4006 Alterum
913 3955 1032 4017 majoris
1044 3956 1180 4026 indigne·

112 4015 200 4068 tinnis
216 4034 275 4069 etse
291 4027 390 4071 monet
405 4018 501 4073 Bentl.
542 4034 582 4086 ¹9·
599 4021 682 4073 Libri
700 4022 773 4072 bene
789 4020 892 4073 multis
909 4021 989 4070 etsi.
1015 4020 1176 4075 Glossema.

112 4097 208 4150 αμα
225 4083 314 4152 ipse.
335 4087 592 4157 Malimreapse.
626 4090 908 4158 25.V.r-prosp.
927 4088 995 4140 est!
1014 4087 1104 4157 quid
1123 4107 1176 4143 vo·
