2602 4536
305 824 309 831 ’
368 782 621 955 ''nnunu
657 780 939 953 nunnus
1047 920 1164 957 ,

198 974 1166 1177 λΛΜ·[ΗΜΕΝΤΠΜ,,Ξῖξῗίζῗί

480 1250 817 1271 m

118 1411 237 1531 Civis
251 1464 391 1548 auidam
406 1449 618 1531 Atheniensis
631 1458 759 1552 filiam,
782 1463 837 1525 eui
853 1461 1063 1543 Pamphilae,
1084 1475 1120 1525 et
1134 1463 1182 1554 fi-

105 1554 209 1623 lium,
232 1555 285 1614 cui
310 1554 476 1633 Chremeti
496 1573 611 1615 nomen
633 1563 726 1625 erat,
753 1550 887 1615 habuit.
918 1552 995 1619 -2Ex
1014 1553 1058 1613 iis
1080 1554 1181 1615 Pam-

106 1634 239 1715 philam
266 1636 377 1697 adhue
404 1630 616 1723 infantulam
641 1634 828 1713 praedones
854 1655 995 1714 rapuere
1025 1658 1044 1693 e
1067 1635 1183 1708 Sunio,

107 1731 143 1777 et
163 1720 341 1781 mercatori
360 1720 493 1779 cuidam
509 1717 647 1780 Rhodio
660 1716 850 1788 vendidere,
874 1719 935 1800 qui
950 1715 1109 1787 Rhodum
1122 1718 1181 1779 ad.-

99 1812 237 1861 .veetam
259 1802 437 1872 meretrici,
460 1821 560 1882 onam
582 1798 733 1869 amabat,
755 1799 848 1859 dono.
865 1800 993 1863 dedit.·.
1016 1798 1114 1867 Haeo
1122 1820 1183 1862 ao·

106 1895 239 1962 ceptam
265 1881 411 1961 puellam
431 1883 511 1961 pari
537 1902 619 1943 eura
649 1903 689 1941 ae
708 1881 916 1965 studioueum
946 1882 1086 1949 tharne:
1097 1880 1185 1973 filia

108 1967 222 2044 eoepit
235 1966 394 2027 educere-e
416 1984 513 2025 nemo
524 1976 563 2025 ut
577 1974 674 2036 esset,-
697 1965 756 2047 qui
772 1982 839 2027 non
853 1975 1029 2047 utramque
1044 1969 1185 2045 enipea

108 2051 257 2127 genitam
286 2068 356 2109 esse
382 2047 619 2113 arbitraretur.
670 2048 794 2119 then,
828 2068 914 2133 quae
942 2047 1186 2126 grandiuscula

109 2143 203 2202 erat,
225 2152 297 2191 cum
317 2130 365 2190 ad
386 2152 457 2191 eam
478 2141 625 2194 aetatem
645 2131 862 2209 pervenisset,
885 2142 925 2191 nt
944 2131 1033 2197 viris
1052 2129 1186 2211 placere

107 2224 242 2292 posset,
273 2226 485 2286 maternam,
511 2225 550 2280 vt
573 2209 642 2297 fit,
671 2212 812 2277 vivendi
837 2216 1002 2278 rationem
1021 2214 1185 2286 insecuta,
1257 2217 1265 2231 ‘

107 2318 180 2357 cnm
200 2297 337 2375 hospite
353 2297 500 2378 quodam
521 2298 674 2361 Athenas
683 2296 802 2366 veuit,¹
813 2297 872 2377 qui
893 2317 964 2355 earn
979 2308 1100 2373 postea
1117 2317 1184 2363 mo·

109 2381 198 2437 rieus
217 2378 367 2437 heredem
388 2378 536 2459 reliquit.
587 2380 729 2445 Interea,
745 2375 856 2447 miles,
892 2377 1030 2445 Thraso,
1043 2381 1184 2450 nornine,

110 2459 159 2520 ad
179 2480 258 2531 eam,
273 2459 402 2544 adjecit
431 2460 597 2529 auimnm;
627 2477 763 2539 cumque
791 2479 861 2519 ecem
891 2478 930 2517 ea
956 2478 1018 2536 per
1045 2457 1187 2546 aliquod

109 2555 242 2621 tempus
262 2543 506 2610 consuevisset,
529 2541 563 2599 in
587 2537 724 2601 Cariam
744 2532 925 2628 profectus
945 2552 1005 2603 est.
1043 2541 1187 2608 Timidis
1294 2588 1299 2601 ,

109 2635 217 2687 mater
236 2645 298 2702 per
318 2643 374 2683 eos
396 2622 468 2683 dies
487 2623 596 2685 vitam
618 2635 724 2686 morte
744 2635 1024 2695 commutaverat,
1047 2616 1184 2713 frater,

111 2728 173 2791 que
203 2707 311 2786 ipsius
334 2703 549 2784 Pamphilam
576 2702 725 2767 venalem
752 2718 999 2784 proposuerat,
1031 2726 1184 2790 sperans,

110 2811 193 2860 eam,
217 2788 309 2871 quod
329 2800 363 2848 et
384 2782 544 2879 formosa
564 2799 661 2860 esset,
683 2778 865 2930 etsdih'us
879 2790 992 2858 sciret,
1013 2786 1187 2873 praeclare

110 2894 133 2933 a
155 2893 190 2932 se
216 2870 388 2933 venditum
417 2871 471 2932 iri.
522 2868 626 2933 Forte
645 2871 718 2930 aeci
742 2871 790 2941 it,
822 2882 921 2932 uteo
943 2872 1018 2949 ipso
1039 2881 1187 2955 tempore

117 2953 260 3016 tharan
279 2966 416 3027 amator
431 2951 524 3014 miles
545 2965 631 3015 esset
650 2952 769 3015 Rhodi
776 2972 789 3026 ,·
813 2953 883 3035 qui,
904 2953 1024 3016 harum
1043 2955 1187 3020 omnium

110 3058 217 3098 rernm
240 3037 373 3106 inscius,
400 3036 614 3112 Pamphilam
634 3036 731 3099 emit:
755 3034 1026 3123 utesset,=quod
1047 3037 1184 3108 amicae,

111 3120 263 3182 Athenas
284 3138 445 3193 reversus,
469 3118 558 3191 dono
579 3118 688 3180 daret.
710 3145 713 3149 ·
735 3116 863 3201 Thais,
883 3110 1051 3207 profecto.
1066 3117 1184 3189 milite,
1234 3148 1237 3153 ·

110 3202 216 3262 aliern
237 3197 461 3264 conditionem
484 3202 687 3283 quaesierat,
710 3198 983 3299 adjunxeratque
999 3200 1066 3268 sili
1080 3200 1186 3267 Phae-

111 3285 240 3353 driam,
264 3281 506 3347 adolescentem
525 3282 767 3352 Atheniensem,
793 3282 955 3346 Lachetis
1004 3282 1093 3350 liunt.
1128 3284 1185 3344 In·

111 3366 293 3427 audiverat
314 3364 448 3431 interint
469 3366 572 3426 etiam
593 3364 726 3449 aliquid
746 3362 788 3431 de
812 3366 958 3446 Pamphi
971 3386 1019 3438 a,·
1051 3364 1188 3450 jarnq'ne

110 3472 182 3510 eum
198 3440 322 3538 fratre
343 3448 451 3528 ipsius
470 3444 641 3514 Chremlte
662 3446 846 3530 aliquoties
865 3446 1031 3511 collocuta
1053 3467 1090 3507 eo
1111 3450 1186 3525 pei-

109 3526 267 3602 ienerat,
291 3542 330 3595 nt
352 3551 418 3591 non
439 3528 706 3599 dubiis-indictis
727 3524 946 3611 intelligeret,
979 3548 1125 3591 sororem
1147 3526 1199 3605 il·¹
1223 3544 1236 3565 ²
1289 3538 1292 3545 '

112 3616 178 3675 lius
199 3635 277 3685 esse,
302 3632 387 3697 quae
408 3634 514 3679 seeum
536 3616 571 3675 in
586 3614 747 3680 maternis
762 3612 899 3678 aedibus
914 3604 1185 3755 edueatafforet.

117 3700 326 3775 Surnmopere
355 3694 510 3774 cupiebat
537 3692 665 3781 igitur,
702 3696 906 3761 occasionem
921 3704 924 3711 '
941 3692 1008 3757 sibi
1031 3712 1057 3753 'a
1086 3704 1187 3781 quam

112 3779 213 3850 dari,
236 3799 303 3860 qua
327 3778 541 3860 Pamphilam
559 3780 630 3842 suis
650 3780 858 3851 restitueret,
892 3778 1066 3860 eodemque
1079 3760 1188 3865 facti)

114 3874 147 3921 et
168 3860 313 3941 puellam
334 3884 459 3926 summo
481 3855 629 3955 afficeret
656 3856 831 3961 beneficio,
859 3872 895 3925 et
921 3861 1187 3942 propinquorum

115 3936 207 4004 illius
228 3945 380 4007 amicitia
396 3938 814 4037 fortunaseonstabrlir'et
829 3963 917 4007 snas.
952 3940 1059 4003 Redit
1074 3941 1205 4012 miles5'

120 4028 173 4085 red
194 4049 265 4088 cum
285 4041 460 4106 cognosset
483 4026 523 4087 de
539 4048 652 4088 amore
667 4026 874 4093 Phaedriae:
895 4022 1040 4103 puellam
1054 4047 1100 4093 se,
1122 4026 1190 4085 nisi

505 4244 508 4249 .
543 4213 555 4255 l
