2602 4536
110 271 181 340 o14
495 250 549 339 R·
577 252 814 369 Tanaum
849 272 861 355 ,J

92 426 154 511 ,Ut
169 447 229 510 ego
243 428 328 495 iram
344 430 430 501 bam
446 433 489 498 iu
509 452 563 497 eos
583 453 733 519 evomam
748 452 892 504 omnem,
913 429 1182 514 dumeegritudo

375 512 381 537 '
627 517 708 583 haec
728 530 915 581 est-recens.
1027 515 1050 578 i.
1075 527 1100 577 t.

107 589 189 653 Stfi’
225 594 311 661 mihi
344 596 381 657 id
417 595 555 665 babeam
596 602 747 759 supplicii
790 600 893 687 [dum
931 599 1006 663 illos
1024 596 1182 738 dulciscar

236 702 239 709 '
583 688 589 703 ¹
628 684 733 745 modo.
863 724 866 731 ·
981 682 1002 743 i.
1046 726 1054 742 .
1144 684 1179 740 15

60 784 64 795 ·
105 755 185 823 seni
204 761 353 851 animam
368 761 514 843 primum
535 764 779 848 exstinguerem
804 767 885 845 ipsi,
913 763 969 844 qui
994 761 1085 829 illud
1112 781 1182 845 pro·

192 884 222 891 -·
627 848 722 913 duxit
743 848 865 911 scelus·
897 876 903 897 ι
1030 846 1054 907 i.
1078 857 1104 907 t.

105 917 193 987 Tum
212 937 328 993 eutem
349 923 468 1007 Syrum
489 929 708 1010 inpuberem,
731 928 814 1003 vah,
836 888 954 1008 qiribue
972 927 1075 992 illum
1098 926 1179 993 iace-

185 1080 188 1087 .
627 1032 732 1079 tarem
753 1011 874 1078 modis!

105 1080 288 1154 Sublimem
309 1091 459 1162 medium
473 1097 648 1181 arriperem
670 1110 704 1162 et
719 1099 825 1176 capite
845 1112 985 1176 pronum
1006 1093 1044 1153 in
1065 1103 1180 1157 terram

136 1236 139 1247 ,
628 1191 813 1253 statuerem,
1133 1194 1135 1198 ’

106 1248 247 1309 Cerebro
267 1253 354 1319 viam
374 1269 413 1329 ut
434 1258 648 1342 dispergeret!
805 1268 809 1275 '

103 1328 314 1399 Adolescenti
332 1339 395 1419 ipoi
417 1344 576 1422 eriperem
596 1343 724 1418 oeuloa3
744 1340 877 1425 posthac
889 1339 1109 1425 praeeipitem
1131 1338 1179 1401 de·

630 1445 719 1488 rem:
940 1436 964 1485 t.
984 1435 1009 1484 t.
1032 1441 1058 1480 e.
1143 1430 1179 1483 20

104 1493 240 1581 Ceteros
255 1524 399 1578 ruerem,
414 1526 725 1591 ageremraperem,
735 1508 921 1576 tunderem,
935 1517 1179 1587 prosternerem.

105 1576 168 1643 Sed
189 1589 412 1675 cerrolherem
433 1590 605 1659 hocssmelo
625 1593 775 1671 inpertiri
795 1590 955 1669 propere?
990 1586 1023 1650 S.
1044 1587 1180 1649 Revoce-

499 1690 525 1723 ·;
628 1693 711 1740 mue.
744 1673 843 1732 Getai
888 1670 928 1733 G.
949 1669 1049 1742 Hem,

104 1742 260 1831 Quisquis
279 1774 326 1827 es,
349 1757 418 1817 eine
432 1759 504 1823 me!
532 1754 563 1817 S.
580 1756 649 1839 Ego
664 1776 736 1816 eum
752 1756 901 1816 Sostrata.
930 1752 970 1815 G.
985 1752 1132 1815 Ubinam
1147 1770 1181 1812 ea

101 1854 107 1861 '
141 1840 144 1845 ’
229 1854 232 1861 ·
313 1848 318 1855 “
507 1839 628 1899 esti·-
645 1838 977 1920 Teipramquaerit03
998 1832 1181 1901 as.t.d.i.d.

106 1907 153 1970 Te
170 1931 301 1997 expeto.
325 1918 451 2000 Oppido
465 1935 648 2004 opportune
663 1934 695 1981 τε
708 1921 856 1981 obtulisti
867 1919 914 1983 mi
925 1918 1065 1987 obviem,
1087 1929 1112 1981 t.
1122 1929 1146 1978 t.
1157 1935 1181 1977 c.

106 1992 204 2081 Hm.
235 1999 267 2063 S.
288 2001 376 2080 Quid
391 2004 464 2068 est?
487 2005 565 2082 quid
579 2003 740 2079 trepidas?
770 2000 809 2071 G.
826 2003 891 2063 Hei
905 1998 1009 2066 mihi!
1040 2000 1079 2067 C.
1098 1998 1182 2078 Quid

495 2104 499 2111 '
630 2087 779 2154 festinas,
802 2087 850 2144 mi
872 2084 979 2146 Geta?
1144 2087 1180 2142 25

102 2162 264 2229 'Animam
285 2169 403 2245 recipe.
430 2169 473 2228 G.
488 2171 666 2231 Proreus...
698 2169 729 2230 S.
750 2166 837 2253 Quid
858 2169 940 2229 istuc
962 2182 1092 2245 prorsus
1110 2182 1180 2249 ergo

213 2247 220 2273 '
457 2244 461 2254 '
516 2276 519 2283 ·
630 2252 698 2310 est?
741 2249 783 2325 G.
806 2246 984 2315 Periimus!
1129 2314 1131 2318 Α

108 2326 228 2393 Actum
243 2332 310 2393 eet!
332 2329 363 2397 S.
382 2333 641 2417 Eloquereergo,
658 2345 691 2394 te
698 2331 839 2402 obsecro,
857 2332 934 2411 quid
946 2333 998 2396 sit.
1020 2330 1180 2397 GJam...

262 2434 296 2469 ..1
504 2450 507 2455 -
602 2413 978 2495 'S.Quidjem‚Geta?
1001 2412 1181 2479 ee.t.d.i.d.

107 2489 150 2554 G.
160 2493 229 2555 Ah!
249 2492 472 2563 Aeschinus...
495 2496 527 2558 S.
538 2496 626 2577 Quid
640 2500 667 2558 is
684 2494 785 2639 erpo?
807 2497 846 2561 G.
857 2497 992 2579 Alieuus
1011 2510 1060 2557 est
1076 2497 1116 2557 ab
1133 2516 1183 2557 no-

285 2620 289 2627 ,
633 2595 697 2643 atra
734 2578 857 2641 emilia.
901 2577 933 2640 S.
955 2577 1054 2652 Hem,
1117 2579 1138 2643 i.
1158 2590 1182 2642 t.

108 2659 215 2724 Perii!
237 2661 363 2740 quere?
402 2661 447 2721 G.
472 2665 588 2725 Amare
610 2663 735 2742 occepit
755 2661 862 2724 aliem.
907 2659 937 2721 S.
959 2660 1026 2721 Vee
1048 2664 1184 2727 miserae

155 2764 206 2783 ⁶·
629 2745 734 2809 mihi!
855 2770 859 2775 ·
925 2758 928 2763 '
978 2756 1102 2808 't.t.e.

108 2901 207 2953 Metro
219 2900 350 2971 Guyetus
367 2899 545 2974 prospiciam
561 2897 677 2955 delebat
693 2898 755 2960 mi3
773 2899 822 2952 sed
836 2898 1020 2970 usurpandus
1033 2902 1132 2973 potius
1145 2909 1186 2953 est

109 2975 198 3029 iamb.
216 2983 332 3031 tetrum.
346 2976 473 3045 hyperc.,
492 2982 552 3045 'quo
569 2983 599 3029 et
616 2973 688 3026 alibi
707 2973 801 3029 utitur
818 2979 913 3043 poeta.¹
950 2989 991 3039 15.
1003 2968 1114 3044 'Ampor
1131 2973 1186 3027 illa

73 3097 76 3101 .
109 3054 140 3098 et
155 3047 254 3114 inepta
271 3045 354 3099 ‹ium
370 3048 429 3103 ill.
447 3047 517 3103 ule.
535 3050 575 3103 iu·
591 3054 672 3101 reete
689 3060 744 3115 pro
763 3047 870 3115 spuriis'
887 3044 976 3102 habet
992 3047 1086 3103 Bentl.
1117 3050 1186 3099 Ver-

109 3128 162 3177 rue¹
174 3111 277 3166 similis
294 3111 405 3167 decimo
428 3116 523 3165 nono.¹
551 3110 646 3185 Quem
670 3112 816 3179 integrare
841 3114 937 3165 nes'eio
960 3117 1028 3185 quis
1051 3114 1185 3169 voluerit.

111 3174 378 3247 19.'Soloeceiibri2
396 3178 442 3231 Ut
459 3180 620 3247 eerebro
637 3178 696 3231 die
729 3187 836 3247 ergat
852 3180 966 3247 viem.
999 3180 1040 3236 io.
1054 3181 1101 3237 Sie
1117 3189 1182 3234 vett.

110 3242 185 3310 edd.,
202 3244 235 3299 in
247 3245 382 3298 hiaFrib.
397 3248 512 3299 Arcens.
536 3246 583 3304 Va
601 3254 682 3315 poet
698 3195 802 3297 iiaec.
819 3246 1107 3315 '21.·futiderem‚
1126 3259 1187 3298 ten·

79 3324 81 3329 ·
109 3330 197 3385 quam
221 3311 332 3375 hostes,
358 3312 578 3380 Guyetruentu
607 3314 656 3363 Va
679 3321 718 3362 et
741 3321 923 3382 proetern.
965 3330 1005 3379 25.
1030 3315 1079 3365 Sic
1102 3313 1186 3385 plone

110 3378 210 3432 Gueli.
237 3380 285 3430 ib:
303 3378 363 3431 ubi
381 3395 420 3431 aa
436 3379 511 3433 eati
535 3376 647 3433 aeneia
664 3378 815 3430 ubinam
832 3376 886 3429 es?
921 3392 962 3444 25.
981 3380 1122 3450 Quidi„
1139 3379 1186 3436 mi

110 3445 223 3499 Geta?
256 3447 334 3505 Haec
355 3444 446 3514 vulgo
468 3444 521 3497 sub
544 3445 687 3497 Sostratae
709 3462 837 3512 perrone„
879 3445 935 3497 Sed
958 3457 1038 3499 recte
1063 3449 1186 3515 (ἕψω

109 3516 174 3577 Hie,
192 3514 299 3583 inquit,
319 3515 409 3581 Asper
425 3513 631 3580 grammaticus
650 3509 739 3578 (apud
757 3512 917 3576 Donatum)
927 3508 1116 3571 Cantharam
1134 3530 1185 3565 riu·

110 3583 232 3646 tricem,
256 3594 313 3631 nou
332 3578 507 3642 Sostratam,
531 3577 610 3648 loqui
630 3586 753 3639 censet;=
791 3577 846 3628 uod
865 3579 939 3631 mire
956 3577 1069 3648 placete
1094 3583 1125 3624 ee
1137 3578 1186 3631 mi

112 3648 205 3698 Geta
232 3648 308 3699 enim
333 3643 508 3697 blandientia
525 3643 685 3710 est,·quod
703 3644 775 3696 Cant
800 3656 881 3710 aree,·
908 3645 1000 3697 Getae
1016 3660 1186 3708 -ooneervee,

111 3721 198 3782 quam
216 3714 304 3767 hemo
321 3712 462 3764 Sostratae
485 3711 577 3777 magis
601 3710 744 3764 convenit.
788 3726 828 3776 ²7·
853 3714 1011 3780 Perperam
1028 3711 1187 3776 Bentlejur,

112 3789 205 3831 metro
224 3783 345 3839 timens,
362 3776 438 3845 quod
456 3792 560 3847 purum
577 3784 683 3845 putum
699 3775 1101 3849 trochaie'uwxistimabat,
1118 3794 1186 3830 eum

148 3849 283 3899 eerertim
306 3845 462 3899 inveniaret
485 3842 514 3892 in
539 3842 618 3893 libris
641 3843 795 3895 obseoro
818 3850 869 3905 te,
898 3845 1000 3912 posuit'
1017 3844 1186 3913 loquere

90 3922 95 3931 ·
111 3862 234 3968 {ironam
252 3915 330 3967 Bene
345 3908 549 3988 Eloquere:
568 3924 635 3963 nam
653 3917 777 3961 conatur
793 3917 916 3972 tentum,
934 3909 1013 3978 quod
1030 3927 1085 3962 neo
1096 3911 1188 3977 expli-

113 3988 214 4041 catur,
238 3996 291 4033 nee
308 3976 500 4043 intelligam
526 3976 573 4026 cui
591 3975 658 4027 vitio
676 3977 822 4031 contrariu
839 3976 930 4032 virtus
946 3985 989 4032 est
1011 3976 1185 4048 eloquentie

115 4053 157 4109 28.
173 4044 226 4099 uh
243 4062 300 4099 uon
316 4044 419 4113 vulgo,
437 4039 487 4095 sed
504 4038 611 4115 legitur
630 4041 700 4104 irrC
717 4041 813 4097 Berol·
846 4099 849 4107 ,
