2602 4536
164 238 248 364 μή
392 212 402 267 ’·
483 198 488 227 ¹
550 214 920 365 annaeum

167 445 307 510 Nullum
328 447 474 510 invenisse
492 444 668 527 prologum
688 460 803 526 posset
823 466 938 511 novus.
1005 448 1011 453 ’

133 546 136 551 ’
174 532 270 630 Quae
291 531 431 602 diceret,
451 531 518 591 nisi
537 528 690 600 haberet,
714 529 1019 671 cuiinalfidice'ret?

159 615 192 674 ls
213 613 275 673 sibi
294 632 483 694 responsum
502 611 563 670 hoc
584 611 719 683 habeat,
742 614 778 675 in
800 633 852 673 me
877 615 907 671 io
929 606 1087 675 omnibus

162 696 308 760 Palmam
330 717 396 756 esse
417 697 570 773 positam,
593 696 649 774 qui
669 709 771 756 artem
793 708 933 755 tractant
953 699 1129 758 musicam.
1169 708 1174 715 ’
1227 684 1230 689 “

161 779 223 838 Ille
243 781 284 839 ad
304 779 424 838 famem
446 776 533 835 hunc
553 777 592 837 ab
614 777 717 836 studio
740 778 864 838 studuit
884 778 1024 848 reic‘ere3

160 862 223 921 Hic
244 862 433 941 respondere
454 859 568 930 voluit,
591 878 657 920 non
677 859 838 923 lacessere.
855 854 864 861 ’
959 880 985 891 ·’
1006 890 1009 894 -
1034 874 1075 899 ....
1191 872 1230 926 20

159 943 341 1004 Benedictis
362 946 387 1001 si
407 940 742 1002 certassem-audisset
756 943 847 1003 bene.
1002 952 1006 958 ’
1110 999 1112 1003 ,
1204 964 1207 969 ·

162 1026 256 1106 Quod
278 1023 395 1086 abillo
417 1023 559 1084 adlatum
582 1036 649 1092 est,¹
667 1023 702 1083 id
723 1024 865 1084 relatum
886 1023 946 1085 sibi
967 1037 1100 1106 putet*
1124 1050 1129 1069 ¹

158 1109 209 1170 De
230 1108 288 1169 illo
309 1108 374 1181 jam
395 1105 494 1165 finem
515 1106 634 1167 faciam
655 1104 788 1187 dicundi
808 1105 902 1178 mihi,

50 1178 66 1197 ⁶⁵
158 1190 318 1254 Peccandi
338 1208 412 1248 cum
434 1191 502 1270 ipse
523 1189 562 1248 de
584 1210 618 1249 se
638 1188 738 1249 finem
760 1207 824 1247 non
849 1189 935 1250 facit.

155 1276 266 1342 Nunc,
289 1271 368 1351 quid
384 1271 497 1344 selim,
519 1273 666 1332 animum
682 1253 855 1339 attendite,
879 1271 1024 1350 Adporto
1036 1290 1166 1346 novam,
1186 1282 1224 1338 25

160 1354 458 1435 Epidicazomenen
481 1367 711 1432 quamsvocunt
732 1351 936 1414 comoediam
981 1392 1015 1399 ..
1063 1368 1065 1373 '
1131 1390 1137 1401 .

157 1437 296 1507 Graece,
317 1436 427 1496 Latini
449 1437 678 1497 Phormionem
699 1436 883 1504 nominent,
923 1468 941 1514 3
1014 1454 1017 1461 ·

158 1521 244 1601 Q'uia
265 1521 383 1599 primas
403 1521 499 1599 partis
520 1520 578 1599 qui
599 1529 688 1598 aget,
709 1519 737 1576 is
759 1519 822 1577 erit
842 1517 1010 1578 Phormio¹

65 1590 68 1595 ⁸
106 1660 110 1665 .
153 1605 331 1672 Parasitus,
353 1621 410 1681 per
432 1620 528 1681 quem
550 1614 750 1681 res-geretur
772 1608 938 1672 maxume,

154 1685 308 1747 Voluntas
328 1696 429 1743 vostra
450 1686 476 1743 si
496 1684 537 1742 ad
557 1686 671 1764 poetae
693 1683 868 1744 accesserit.
982 1698 998 1704 ··
1034 1708 1043 1721 .
1091 1670 1095 1674 ⁴
1181 1695 1220 1748 30

155 1769 240 1830 Date
260 1779 410 1848 operam3
431 1765 537 1825 adeste
559 1778 659 1843 aequo
677 1767 786 1825 animo
808 1764 869 1843 'per
886 1763 1079 1832 silentiumt
1209 1772 1211 1777 ’

153 1851 204 1912 Ne
227 1851 327 1912 simili
345 1861 476 1909 utamur
496 1848 763 1938 fastuum-atque
783 1849 833 1908 usi
854 1866 975 1920 sumus,
1052 1886 1055 1892 ·

300 1956 310 1981 ὁ
533 1946 536 1951 ,
1062 1944 1076 1967 ,.

220 2039 259 2093 15·
281 2006 329 2079 lit
354 2025 555 2094 potuisset,
581 2032 715 2102 correpta
731 2021 848 2092 quidem
864 2008 1079 2094 prima'syllaba
1096 2018 1129 2078 in
1142 2043 1216 2097 pro·

147 2092 285 2163 logum
303 2108 390 2160 quarn
407 2091 678 2160 producere'Latsnt
696 2090 799 2141 solent.
823 2091 958 2143 Correxit
996 2094 1070 2147 enti.
1104 2096 1145 2146 ιθ.
1161 2098 1217 2148 Pu·

81 2174 90 2197 ‘1
152 2152 213 2213 tide
229 2157 313 2211 libris
332 2185 364 2197 -
380 2174 508 2222 novus,
526 2159 636 2226 Quem
653 2157 795 2208 diceret
810 2166 863 2209 ete.
892 2159 986 2211 Lusus
998 2160 1156 2213 verborum
1168 2160 1217 2212 di·

152 2218 254 2291 deret
276 2231 306 2274 et
327 2222 585 2276 malediceret.
627 2238 668 2290 ¹9·
692 2220 843 2285 studuit.
872 2224 967 2276 arias
990 2225 1124 2278 voluit.
1161 2227 1215 2280 Sed

150 2288 228 2344 amat
243 2288 292 2341 asc
309 2296 415 2341 noster
423 2288 645 2358 paronomasias.
687 2305 727 2340 aa.
744 2289 876 2356 ¹Legitur
899 2306 983 2343 versu
999 2292 1040 2344 im
1062 2292 1155 2349 editoe
1180 2295 1214 2364 Q.

149 2357 199 2411 ab.
217 2357 238 2407 i.
256 2372 280 2406 a.
298 2363 368 2421 est,
386 2354 425 2407 id
442 2354 515 2406 sibi
532 2371 608 2417 esse
625 2355 803 2407 rellatum
821 2364 936 2423 putet.
966 2308 1062 2410 Bentf.
1081 2375 1116 2410 ex
1132 2361 1225 2419 libris¹

149 2421 299 2495 plurimis:
317 2450 351 2461 -
367 2429 437 2486 est,
455 2421 527 2473 sibi
543 2437 621 2472 esse
634 2420 672 2472 id
689 2438 714 2472 r.
731 2439 776 2490 p,
802 2438 875 2490 quae
891 2423 1037 2493 scriptura
1055 2424 1159 2486 eodem
1174 2431 1214 2482 ri-

95 2528 99 2537 .
149 2492 191 2544 tio
208 2486 330 2542 loborat.
364 2489 452 2540 Esse
477 2497 519 2538 est
539 2488 695 2555 glossema,
718 2485 795 2554 quod
817 2506 876 2539 non
898 2489 987 2541 hahet
997 2495 1025 2543 -Α
1041 2492 1140 2551 Berol.
1174 2511 1212 2562 ³3·

105 2552 121 2587 ἱ

55 2948 59 2955 ’
147 2955 225 3007 dicta
242 2962 316 3006 esta
331 2952 447 3023 puella,
471 2951 579 3020 deque
606 2967 625 3002 n
647 2952 735 3002 icium
752 2960 810 3014 est;
834 2963 952 3008 sumsit
969 2954 1068 3012 alian
1099 2960 1212 3012 idice-

97 3048 102 3055 -
147 3018 506 3091 somenosejusdemo
528 2968 604 3069 ollod
1072 2975 1092 3074 g

47 3127 50 3131 -
145 3102 276 3155 menen
291 3091 424 3152 graece.“
458 3084 493 3137 Se
530 3091 609 3135 recte
624 3083 732 3137 Bautis
757 3084 822 3136 Non
840 3094 898 3150 est,
915 3087 1028 3158 inquit,
1052 3092 1212 3159 quodcum

148 2574 228 2635 sequ.
245 2555 322 2608 Miro
333 2553 471 2673 prolubio
488 2553 598 2633 lientla
614 2557 664 2607 De
681 2553 750 2606 illo
766 2563 831 2607 tum
848 2554 868 2604 s.
886 2553 906 2606 f.
923 2553 951 2606 d.
969 2560 1075 2636 ΜΡ.
1087 2571 1119 2612 ’c.
1136 2560 1157 2613 i.
1175 2562 1213 2613 de

145 2640 185 2742 ii
200 2622 329 2751 iiii}
346 2620 622 2756 {limittit
638 2621 1056 2755 liiiiiiitliititi
1088 2633 1212 2746 ‘tiit

12 2792 13 2799 .
54 2766 58 2772 ·
145 2754 363 2827 'citproNon
386 2752 511 2816 faciat.
540 2753 715 2805 Helmstad.:
740 2758 844 2808 Pace.
871 2753 911 2805 de
935 2771 972 2805 se
997 2759 1211 2829 cumipsef.

147 2840 175 2883 n.
191 2823 213 2876 i.
249 2821 289 2873 26.
307 2823 355 2872 V.=
371 2811 719 2888 Epidicazomenon.
743 2821 865 2875 Donat:
883 2821 958 2886 „Hic
971 2822 1124 2875 manifesto
1135 2837 1213 2881 erret

146 2886 317 2943 Terentius:
334 2891 402 2939 nain
417 2885 488 2947 haec
500 2885 609 2949 fabula,
624 2901 711 3002 poam
723 2885 882 2951 transtulit,
900 2887 1212 2966 Epidicazomene

606 3019 658 3069 ori.
682 3018 792 3070 Debuit
807 3032 877 3084 ergo
890 3017 985 3072 dicere
1000 3020 1065 3092 Epi
1097 3026 1211 3078 i-cazo.

144 3155 262 3213 Donato
278 3151 385 3203 erroris
401 3166 555 3219 arguamus
572 3151 754 3217 Terentium,
772 3166 839 3202 cum
856 3151 944 3205 facile
960 3156 1107 3224 corrigere
1123 3161 1209 3228 possi·

145 3245 210 3283 mur
232 3223 576 3296 Epidicazomenon.
610 3225 686 3279 Nam
708 3233 740 3277 ut
761 3216 892 3290 Ἐτίδικος,
915 3230 1034 3293 auctora}
1050 3233 1210 3302 Harpocra.

130 3292 240 3362 'tione,
264 3308 307 3353 est
329 3296 411 3366 virgo
435 3297 519 3365 orlaa,
544 3296 579 3350 de
602 3314 659 3368 qua
669 3299 733 3371 ,1³⁸³
757 3301 804 3350 cu‘i
822 3299 925 3353 debeat
940 3302 972 3351 in
990 3307 1209 3360 matrimonium

135 3376 250 3429 'locaris
268 3373 309 3425 ita
324 3363 520 3438 'Errienoezoudm
538 3384 589 3438 est,
607 3370 643 3424 de
660 3388 716 3441 qua
730 3371 873 3437 iudicium
888 3373 1001 3427 iactum
1018 3387 1077 3429 est:
1096 3391 1127 3433 ot
1144 3370 1209 3434 talis
1239 3388 1241 3391 ’

143 3448 246 3516 ntique
263 3445 313 3497 hic
329 3445 493 3500 aTerentio
509 3446 660 3499 inducitur
673 3447 826 3498 Phanium.
862 3461 903 3514 η.
920 3447 966 3498 V..·‘
986 3449 1130 3520 Graeci,
1147 3457 1207 3506 La'·

142 3515 219 3567 tini
241 3512 300 3565 Ph.
323 3512 536 3567 nominant.=
559 3511 653 3564 Bentl.
679 3528 712 3564 ex
730 3511 859 3571 maid:
884 3514 1040 3581 Graece,
1064 3519 1208 3588 Latine,

68 3591 71 3598 '
111 3577 114 3586 '
142 3590 172 3632 ot
189 3580 225 3632 de
241 3595 285 3632 set
302 3579 365 3630 hie
383 3579 560 3648 (Terentius)
577 3579 636 3631 Ph.
655 3580 803 3632 nomina
814 3589 835 3643 t,
852 3579 922 3648 quia
936 3585 1037 3649 poe'tne
1053 3587 1091 3636 sit
1107 3587 1208 3640 indere

92 3696 103 3719 s
141 3662 248 3698 nomen
264 3661 331 3697 suae
347 3646 472 3711 fabulas,
491 3663 543 3697 nec
560 3645 806 3725 Latini-ignotam.
820 3646 874 3698 sibi
892 3647 1038 3715 appellare
1050 3653 1207 3721 potuerint.

141 3713 256 3765 Minore
272 3728 324 3765 nos
340 3713 455 3780 negotio
471 3713 636 3781 scripsimus
652 3721 859 3778 nominent,
883 3715 1091 3785 nominabunt,
1115 3723 1208 3793 norni-

142 3794 211 3829 nare
230 3788 350 3847 possunt
365 3796 413 3830 me
430 3787 555 3831 auctore.
594 3792 636 3845 3⁰·
660 3781 758 3848 Inepte
775 3779 857 3832 libris
881 3778 1058 3834 Voluntas
1080 3796 1208 3840 vostra

143 3847 172 3894 si
189 3844 230 3895 sd
245 3848 390 3912 poitam
409 3848 624 3898 accesserit.
658 3847 736 3900 Imoc
761 3846 802 3896 ad
817 3850 965 3914 poetae,
983 3849 1018 3898 ad
1036 3857 1140 3921 potitae
1157 3871 1207 3905 vo-

140 3909 300 3976 luntatem,
317 3927 369 3963 seu
383 3913 573 3981 propositum.
608 3912 638 3962 Si
653 3911 730 3964 idem
749 3912 911 3980 volueritis,
934 3916 1092 3981 quodvult
1108 3924 1206 3987 pois'ta,

140 3977 261 4029 remita
277 3978 442 4045 geri-beno
459 3979 507 4047 agi
523 3987 552 4030 et
568 3979 909 4049 peragihanciabulam.
943 3981 1080 4049 52.*Cum'
1089 3987 1207 4056 Hecyra
1249 3998 1254 4005 '

140 4041 252 4114 agenda
267 4054 348 4098 esset.
383 4043 445 4099 Vid.
460 4043 574 4114 prolog.
592 4046 653 4112 eius
669 4044 793 4098 fabulae.
898 4105 901 4109 ,
928 4060 948 4093 .·
1108 4086 1111 4091 -

462 4290 465 4299 t

357 4368 371 4399 Κ
461 4395 474 4410 ,
554 4386 575 4423 ’,ο
