2602 4536
477 322 484 327 ..
501 248 782 327 EUNUCHUS.²
1121 276 1174 348 95

105 438 271 510 Proiecto,
293 448 330 499 ut
350 445 443 519 grate
461 432 753 512 minuuntque
772 430 888 507 lireio,¹
901 432 1068 495 omnm-it
1195 428 1199 435 '

109 527 153 587 G.
173 521 303 583 Adverti
323 519 432 580 hercle
451 519 610 579 animum.
642 512 682 577 T.
690 518 769 578 -Rex
788 516 839 577 vel
859 520 1174 598 temper-maxumae

109 603 198 667 Mihi
216 604 349 685 agebat,
369 599 526 683 quidquid
545 596 709 675 feceramt
729 598 801 659 uliir
821 600 1024 661 uenirem..
1051 626 1055 635 ·
1158 610 1161 615 ·

110 690 152 750 G.
173 686 295 749 Labore
316 685 421 747 alieno
444 700 597 764 magnum
618 694 744 761 partem
764 681 904 769 gloriani
1114 688 1163 755 .·'

109 769 221 831 Verbis
242 786 336 845 saepe
356 768 394 829 in
413 784 446 827 te
466 772 680 835 transmovet.
698 765 758 844 'qui
776 764 877 841 habet
898 762 1027 837 ralem3'
1057 804 1060 811 ·
1099 778 1104 791 ·
1137 764 1178 828 10

109 852 211 933 Quod
226 852 264 913 in
284 863 319 910 te
339 861 397 935 ert,
437 848 479 910 T.
499 846 618 909 Habet.
650 844 702 909 G.
723 846 796 907 Rex
812 859 850 907 te
870 866 947 930 ergo
967 846 1177 910 itt-oculia...

122 980 125 985 .
206 972 209 977 -
409 988 422 995 ,,
628 928 670 991 Τ.
692 929 851 992 ὃοίἰίοσιτ.Ι
1036 976 1040 983 .
1135 976 1140 985 .

107 1016 150 1081 G.
174 1015 328 1083 Gertere?
370 1013 410 1081 Τ..
430 1016 571 1089 Verum3
589 1010 719 1073 credere
740 1030 873 1073 omnem
893 1013 1087 1084 exercitum,
1133 1062 1136 1067 .
1164 1018 1171 1053 ²

87 1101 265 1167 ,Consilia
308 1100 349 1159 G.
370 1094 517 1159 Mirum!
557 1093 597 1155 T.
618 1092 827 1157 Tum.tlcubi
847 1112 926 1157 eum
947 1098 1098 1157 satietat-
1137 1112 1167 1151 .·¹

106 1183 314 1252 Hominum,
335 1190 391 1241 out
410 1178 524 1260 negoti
545 1179 573 1239 si
593 1175 723 1258 quando
736 1176 855 1239 :odium
876 1191 1017 1257 ceperat,
1123 1214 1128 1223 ·
1166 1224 1170 1229 .

108 1267 323 1344 Requiescere
342 1263 400 1327 ubi
416 1258 560 1332 volebat,
583 1262 672 1340 quari
692 1283 735 1297 ···
754 1260 901 1320 nortin’l
942 1261 985 1321 G.
1006 1256 1098 1323 Scio:
1142 1263 1184 1327 15

112 1348 215 1428 Quasi
235 1347 291 1407 ubi
312 1344 404 1407 illum
423 1356 598 1424 exspueret
610 1341 777 1403 miceriam
798 1362 841 1403 ex
862 1341 1048 1405 animo-T.
1061 1345 1183 1408 Tener:

111 1431 200 1491 Tum
220 1449 274 1490 me
293 1429 462 1489 convivam
483 1426 590 1488 colum
611 1424 790 1486 abducebat
805 1424 878 1487 eibi.
920 1425 961 1484 G.
982 1424 1061 1498 Hui,
1104 1460 1120 1473 ,-

109 1514 238 1594 Regem
255 1510 439 1593 elegantem
457 1509 585 1570 narras!
628 1507 667 1570 Τ.
690 1508 761 1569 Imo
783 1508 951 1569 richoino
972 1522 1044 1579 est,‘
1168 1518 1171 1525 '

110 1599 354 1674 Perpaucorum
373 1591 557 1653 hominurn.
600 1587 658 1666 (G.
680 1588 754 1653 Imo
771 1590 964 1667 nullorum,
985 1591 1137 1670 arbitror,

112 1676 147 1737 Si
167 1690 275 1745 tecum
296 1671 400 1753 vivit.)
440 1675 480 1735 T.
500 1672 650 1734 Invidere
671 1691 783 1735 omnes
802 1673 897 1745 milri,
1143 1678 1186 1740 90

111 1757 266 1819 Mordere
287 1758 494 1833 clanculum3
516 1777 575 1837 ego
597 1774 663 1817 non
684 1754 964 1837 floccipenderet

110 1841 171 1902 Illi
190 1838 334 1901 invidere
355 1841 490 1915 misere3
513 1857 634 1919 verum·
646 1857 731 1899 unus
751 1850 863 1899 tamen

113 1924 271 2006 Inpense,
293 1920 474 2001 elephantia
497 1939 593 1998 quem
611 1917 731 1980 Indicis
752 1922 958 2000 praefecerat.
1049 1968 1065 1977 ..

112 2006 147 2066 Is
168 2007 226 2066 ubi
245 2007 398 2066 molestus
417 2004 521 2084 magis
541 2016 607 2062 est:
629 2022 766 2093 qpaeao,
785 2006 942 2083 inquam,
966 2001 1084 2080 Strato,

113 2088 205 2150 Eone
227 2088 395 2159 ecferor,
418 2086 494 2164 quia
514 2084 612 2147 habes
632 2087 807 2165 imperium
827 2088 862 2147 in
884 2085 1034 2147 belluas?
1146 2090 1188 2153 95
1293 2142 1296 2149 .

115 2171 157 2232 G.
176 2170 315 2232 Pulchre
337 2167 501 2230 mehercle
521 2168 648 2232 dictum
669 2180 702 2228 et
723 2171 900 2245 sapienter!
929 2170 1049 2247 Papae,

113 2253 283 2336 Jugularas
303 2253 491 2313 hominem!
520 2249 608 2333 Quid
626 2248 707 2313 illel
749 2250 788 2313 T.
810 2248 925 2313 Mutus
945 2254 1046 2315 illico.
1100 2288 1110 2305 κ
1176 2294 1179 2301 -

116 2336 160 2397 G.
171 2337 295 2413 Quidni
303 2334 406 2397 ercet?
428 2332 479 2410 (P.
492 2333 547 2406 Di,
560 2346 701 2393 vostram
707 2333 821 2407 fidem,
835 2334 1006 2394 hominem
1020 2336 1187 2414 perditum

112 2416 352 2498 ›Miserumque
366 2429 399 2475 et
407 2416 505 2475 illum
516 2414 709 2493 sacrilegum
717 2416 741 2491 l)
763 2415 801 2475 T.
813 2414 921 2491 Quid?
933 2415 1027 2487 illud,
1043 2417 1186 2489 Gnatho,

120 2503 195 2580 Quo
210 2511 308 2578 ,pacto
329 2496 495 2558 Rhodium
516 2498 681 2576 tetigerim
700 2498 738 2557 in
758 2498 916 2570 convivio,
1147 2502 1189 2565 30

115 2583 301 2661 Nunquam
319 2578 384 2641 tibi
403 2574 494 2637 dixi?
536 2579 578 2640 G.
599 2578 794 2658 Nunquamr
828 2576 885 2639 sed
903 2599 1018 2655 narra,
1047 2583 1187 2649 obtecro.

118 2662 213 2745 (Plus
232 2663 355 2725 millies
377 2655 513 2737 audivi.)
554 2659 594 2721 T.
616 2660 691 2721 Una
710 2662 746 2733 in
765 2663 914 2724 convivio
1026 2692 1028 2696 ’

186 2850 213 2907 9.
230 2834 313 2893 Hand
329 2837 406 2891 nrale
421 2838 519 2891 Bentt
535 2848 674 2907 magno.
711 2848 753 2889 ιο.
767 2838 880 2892 selem
896 2836 965 2891 libri
979 2818 1190 2913 muncupat-

119 2908 211 2969 atiten
224 2909 280 2959 nisi
292 2906 370 2978 quod
382 2907 414 2957 in
428 2900 640 2956 GBerolinensi
656 2922 728 2957 -em
741 2902 862 2957 minutis
874 2904 981 2958 litter-ia
996 2910 1192 2980 perecripturn

121 2986 175 3030 est.
201 2972 296 3028 Bentl.
314 2973 427 3025 levibus
442 2970 478 3023 de
495 2970 587 3023 causis
603 2965 696 3024 dedit:
714 2971 777 3039 qui
793 2969 848 3021 tal
865 2970 986 3026 habet.
1017 2975 1102 3047 Quod
1117 2977 1192 3031 iam·

76 3078 79 3083 .
120 3044 195 3096 bum
218 3038 370 3092 ferendum
389 3046 477 3105 negat
503 3034 610 3115 lterum
632 3051 769 3088 versuum
791 3034 859 3089 sede
880 3049 911 3103 5:
942 3040 978 3092 cf.
1000 3034 1077 3111 prol.
1100 3044 1190 3103 Andr.

122 3124 173 3177 33,
190 3107 243 3159 ubi
259 3104 368 3158 frustra
383 3102 488 3156 excudi
501 3104 586 3166 justit
601 3102 638 3155 id
654 3119 720 3172 ego
736 3103 919 3171 arbitror,
937 3106 979 3172 62,
997 3118 1040 3175 ει,
1060 3125 1118 3177 roc,
1135 3121 1190 3165 eto.

123 3185 260 3253 Regnent
281 3179 323 3232 ihi
345 3180 432 3248 pedes
447 3169 610 3248 eupolemum,
633 3180 807 3248 praesertim
829 3180 907 3249 apud
922 3181 1056 3250 Latinos,
1082 3186 1133 3239 red
1150 3188 1193 3239 ita

123 3268 239 3319 tamen,
257 3262 289 3305 ut
304 3252 419 3303 iambus
434 3266 493 3304 non
510 3248 687 3304 excludatur.
731 3266 770 3301 ιι.
823 3251 901 3303 uod.
923 3254 1052 3310 Arcena:
1075 3257 1113 3306 id
1137 3267 1194 3309 ert

124 3323 265 3376 lubere
294 3319 416 3370 sulem.
452 3318 559 3375 Donat.
584 3318 621 3372 ad
643 3328 691 3383 552
753 3332 797 3367 11⁰
830 3320 936 3398 ,Ταῖς
979 3325 1039 3397 Aut
1060 3322 1193 3375 absolute

125 3387 507 3524 detullerint·
520 3382 950 3529 .i‚it{³i3.t1.j.iir.²t.l¹.⁸
965 3388 1196 3522 ditionii

125 3524 214 3578 aliter
232 3513 491 3598 legerit'Donutur.
524 3517 572 3570 Sic
588 3520 687 3596 itaque
706 3516 813 3585 Guyet.
830 3518 925 3571 Bentl.
951 3529 1006 3571 ete.
1041 3522 1134 3588 Vulgo
1150 3531 1193 3573 te·

125 3607 195 3645 men
212 3585 324 3640 obtinet
340 3593 477 3654 ineptum
492 3584 651 3638 Gertrre.
685 3584 776 3636 Recte
792 3598 908 3664 quoque
920 3585 1018 3639 Bentl.
1035 3587 1195 3642 secundum
1214 3618 1217 3623 ,

126 3670 210 3711 auort
234 3656 378 3718 Verum,
401 3659 434 3703 ut
451 3668 480 3718 α,
503 3669 537 3720 5,
560 3665 603 3718 55.
620 3661 681 3714 etet
702 3667 797 3719 neque
820 3650 906 3704 elrter
926 3653 1006 3705 Prib.
1024 3655 1138 3706 Arcem.
1161 3658 1194 3707 V.

116 3728 227 3795 Pero.
252 3720 413 3797 Cliteruen
425 3718 479 3798 Ad..
493 3734 520 3786 3,
536 3731 562 3785 5,
581 3734 622 3785 23.
658 3716 842 3786 17.ab‹tu0.
865 3718 1195 3799 Fribnwadlribebnt,

126 3805 186 3911 li?
188 3784 710 3930 l..t¹it.tttfi.tt⁸f²l3.t..⁰iiltt
720 3801 808 3920 1⁸3⁸?
814 3786 1198 3911 ’inmittit-‘riter

128 3921 247 3977 colum
265 3935 460 3971 convivam
477 3918 558 3972 ribi.
594 3915 737 3986 epitom.
750 3918 961 3988 conliquescit
972 3928 1093 3990 propter
1103 3923 1195 3987 interf

128 3997 332 4065 punctionem,
355 4010 449 4064 neque
464 4009 580 4049 necem
596 4001 655 4062 ert,
680 3986 712 4051 re*
727 4004 784 4051 eet
802 3994 907 4049 reterri
921 3995 959 4048 ad
975 3996 1054 4050 huuc
1069 4013 1195 4064 vertum,

132 4078 165 4121 ut
178 4069 213 4121 fit
226 4064 260 4121 in
276 4064 399 4136 vulgaria
414 4063 507 4119 librir.
871 4092 878 4100 ·
974 4096 977 4101 ·
1119 4094 1121 4099 ·
1168 4110 1181 4126 .
