2602 4536
158 275 228 385 2⁵⁸
512 202 881 333 ···1›.·-·'rennnr11]

151 392 269 535 ΙΝιιιιιε,
289 440 430 509 habeam
449 458 572 514 mene,
594 430 758 503 incertum
778 452 837 501 est.
861 437 919 501 Ὀ.
943 438 1034 519 Quid-
1050 439 1098 501 in
1117 437 1224 502 istuc?

315 560 318 565 ·
497 552 500 561 ·
598 554 646 579 ··-ι
674 521 840 589 M.Seies.
943 574 945 581 .

144 609 211 670 Est
232 631 250 670 e
271 607 431 670 Corintlio·
448 607 502 669 hio
522 594 748 669 advena-enus
767 604 984 689 pauperculst
1063 660 1068 669 .
1091 658 1095 669 .

152 694 232 770 Ejus
252 691 357 754 filiam
375 692 564 753 inmantare
585 690 693 771 coepit
716 692 890 772 virginem,
944 696 993 745 ¹.-·
1161 694 1222 755 245

148 778 257 855 Prope
277 772 554 855 jam.2ur.haberet
574 792 633 853 pro
653 782 778 852 uxore3-
795 772 875 833 haec
896 770 981 835 clem
1002 791 1057 834 me
1078 772 1201 836 omnia.

150 857 217 919 Ubi
234 877 305 919 rem
325 857 563 935 resciviecoepi
581 856 871 939 nonhumanitus,
964 914 967 919 ,
1097 914 1100 919 ,
1120 912 1125 923 ,

148 941 266 1020 Neque
285 952 329 1002 ut
344 941 491 1001 animum
511 939 621 1001 decuit
640 950 812 1020 aegrotum
834 935 1077 1012 adolescentuli,
1136 978 1141 995 .

12 1074 17 1089 ,
103 1088 105 1093 ,
146 1021 318 1095 Tractare,
338 1022 400 1083 sed·
413 1024 465 1083 via
484 1040 544 1101 pro
564 1021 689 1103 volgata
710 1034 849 1101 patrum.

146 1105 300 1184 Quotidie
320 1105 530 1167 adcusabam:
551 1103 651 1174 hem,
669 1104 776 1167 tibine
794 1102 876 1167 haec
894 1103 1061 1167 diutius
1099 1136 1115 1180 ς
1141 1164 1145 1169 ,
1177 1114 1217 1169 50

142 1185 259 1249 Licere
281 1206 394 1268 speras·
407 1189 515 1248 iacere
532 1209 591 1261 pne
608 1189 803 1267 vivaatre,
994 1222 998 1229 ·
1023 1218 1026 1227 ·

144 1272 300 1333 Amicam·
309 1285 354 1333 ut
373 1270 492 1333 habeas
511 1290 614 1352 prope
634 1271 700 1348 jam
718 1272 756 1332 iu
774 1268 885 1334 uxoris
906 1267 1005 1331 locu?

142 1352 304 1424 Erras,;si
321 1354 498 1426 idzcreilir,
519 1368 630 1417 etune
649 1356 804 1437 ignorum
817 1351 938 1415 Clinia.
992 1383 997 1391 ¹

97 1474 99 1481 ι
138 1434 268 1518 Egere
288 1438 494 1500 nleurnesse
514 1437 579 1499 dici
599 1433 861 1516 tehutpervelo,
917 1474 920 1479 -

140 1520 245 1593 Dum,
268 1521 354 1600 quod
373 1534 408 1583 te
428 1523 565 1603 dignum
580 1536 640 1595 est,
656 1521 779 1591 initient
799 1517 857 1579 sed
869 1516 897 1577 si
909 1516 949 1582 ii
961 1536 1029 1581 nen
1042 1517 1138 1579 uon:
1169 1527 1209 1583 55

138 1601 229 1685 Ego,
252 1603 343 1682 quod·
355 1623 410 1666 me
428 1608 467 1667 iu
485 1616 520 1665 te
541 1606 582 1667 sit
600 1606 706 1667 iecere
726 1602 883 1684 dignum,
903 1601 1068 1664 invenero.
1128 1624 1131 1629 ·

137 1685 240 1755 Nulla
259 1687 342 1748 adeo
360 1706 404 1748 ex
422 1708 460 1750 re
479 1688 564 1749 istuc
579 1687 639 1760 iit,
660 1687 725 1747 nisi
744 1685 849 1745 nimio
866 1702 914 1746 'ex
934 1685 1025 1746 otio..
1103 1706 1106 1711 ·

136 1767 226 1831 Istue
247 1775 358 1831 aetatis
376 1789 445 1830 non
466 1788 598 1851 operam
618 1771 721 1832 emori
739 1768 869 1836 dabam,
985 1826 988 1831 .

108 1924 112 1931 Ι
136 1851 200 1912 Sed
220 1854 258 1913 in
277 1854 388 1914 Asiam
408 1850 489 1912 hinc
507 1852 575 1914 atii
594 1867 726 1935 propter
744 1850 954 1931 pauperiem,
976 1862 1081 1932 etque
1096 1849 1145 1913 ibi

136 1933 243 1994 Simul
263 1954 334 1996 rem
356 1949 390 1996 et
409 1935 551 2019 gloriam
571 1939 669 1999 armis
690 1934 771 1996 belli
790 1932 906 2013 reperi.
999 1988 1004 1998 .
1166 1944 1206 2001 60

132 2019 301 2081 Postremo
322 2018 402 2079 adeo
423 2039 473 2079 res
493 2018 609 2084 rediitz
632 2015 894 2078 adolescentulus
1142 2089 1148 2096 Ι

132 2100 234 2180 Saepe
255 2101 368 2160 eadem
388 2113 423 2162 et
442 2103 586 2182 graviter
605 2099 768 2161 audiendo
788 2100 892 2160 victus
912 2111 984 2182 θεῖς
1086 2148 1090 2157 .
1116 2110 1132 2141 ·’

131 2183 266 2247 Putavit
285 2203 340 2251 me
360 2196 395 2244 et
415 2195 521 2243 aetate
541 2196 576 2244 et
596 2181 823 2246 benevelentia
853 2196 856 2205 ·
891 2238 895 2243 .
957 2222 964 2245 ,ι
1017 2234 1025 2245 .
1112 2238 1115 2245 ,

106 2284 109 2291 ’
130 2264 211 2327 Plus
232 2264 314 2325 scire
335 2276 369 2324 et
387 2264 554 2345 providere
576 2285 672 2343 quam
692 2283 726 2323 sc
746 2266 853 2342 ipsum
877 2265 957 2330 sibi:

87 2383 91 2399 r
130 2346 171 2406 In
191 2346 303 2409 Asiam
326 2346 368 2407 ad
388 2367 501 2429 regem
520 2344 701 2410 militatum
721 2346 819 2418 abiit,
840 2347 992 2411 Chreme.
1162 2361 1199 2417 65

126 2429 167 2492 C.
191 2430 280 2510 Quid
298 2428 367 2498 aiil
395 2429 442 2491 M.
456 2430 622 2500 Profectus
638 2431 724 2490 clem
737 2449 792 2489 me
807 2443 879 2501 est3·
893 2432 1015 2497 mensis
1030 2432 1089 2497 tris
1102 2435 1199 2502 abest,

109 2502 112 2525 '
129 2514 167 2575 C.
189 2513 296 2573 Ambo
316 2513 505 2591 accusandi3
527 2516 589 2574 etsi
602 2512 692 2573 'illud
710 2514 880 2591 inceptum
900 2527 1012 2576 tamen

127 2597 242 2657 Animi
263 2608 311 2656 est
331 2596 485 2675 pudentis
505 2597 637 2678 signum
657 2607 692 2656 ct
709 2596 971 2667 neninstrenui.

127 2676 179 2741 M.
201 2678 269 2739 Ubi
289 2680 436 2758 comperi
455 2698 498 2740 ex
518 2681 578 2753 iis,
600 2679 657 2756 qui
669 2678 770 2739 -fuere
790 2679 823 2739 ei
843 2679 983 2741 consciit
1004 2715 1009 2724 ·
1149 2740 1153 2745 .

126 2760 273 2825 Domum
292 2774 445 2837 ¹revertor·
460 2774 601 2825 moestus
621 2773 720 2842 atque
738 2761 849 2834 animo
869 2762 939 2826 fere
959 2798 962 2805 <
1157 2779 1196 2834 70

193 2950 235 3002 45.
259 2938 308 2992 V.t
329 2939 378 3004 Ei.
402 2935 460 2990 til.
482 2933 552 2988 ille
576 2941 639 2987 ani.
663 2935 790 3003 coepit
812 2935 977 3005 perdite,
999 2942 1121 3015 Prope
1135 2955 1191 3001 etc.

126 3003 321 3070 Virginem
337 3017 465 3058 extremo
483 3019 568 3055 versu
584 3010 699 3062 tantum
714 3019 774 3053 non
791 3020 891 3055 omnes
907 3004 1017 3059 liabent
1033 3007 1116 3074 libris
1140 3012 1192 3067 lra-

125 3069 196 3121 bent
212 3070 301 3121 etiarn
319 3071 484 3139 perdite,
511 3070 562 3122 sed
577 3069 690 3120 incerto
715 3068 787 3120 loco.
822 3066 1117 3141 Quamobrem'recte
1132 3079 1189 3133 hoc

124 3134 288 3199 aBentlejo
307 3147 482 3206 expunctum
500 3153 602 3189 censeo
620 3143 650 3187 et
665 3133 743 3187 illud
759 3137 900 3203 positum,
923 3157 961 3190 ne
983 3141 1020 3192 de
1036 3147 1191 3199 meretrice

123 3203 293 3272 cogitemus.
328 3221 369 3272 49.
387 3207 434 3256 V.:
454 3205 525 3269 Tr.‚
542 3201 606 3254 sed
622 3202 656 3255 vi
674 3212 710 3255 et
725 3203 785 3254 vie
800 3204 1029 3277 pervolgata
1044 3204 1091 3279 p.',
1108 3229 1190 3271 voce·

122 3280 191 3334 bulo
208 3279 254 3346 vi,
272 3277 344 3330 eliso
360 3289 391 3331 et
405 3281 483 3335 male
501 3276 650 3345 collocato,
667 3274 705 3347 τῷ
719 3281 778 3332 via
794 3297 862 3334 voro
878 3284 911 3334 in
927 3276 1105 3348 μονοσύλλαβον
1121 3306 1185 3344 con·

122 3363 233 3416 tracto,
256 3351 335 3422 quod
353 3368 406 3407 nus
428 3369 495 3405 uam
520 3351 564 3405 fit.
598 3353 688 3405 Recte
706 3354 811 3422 Guyet.
829 3356 917 3408 verba
939 3357 973 3409 vi
996 3367 1032 3409 et
1054 3359 1188 3414 addititia

121 3421 236 3474 censuit
252 3429 282 3470 et
297 3370 459 3471 ansidonia.
481 3423 589 3471 Verum
607 3421 648 3470 sie
660 3434 885 3490 quoqueversus
903 3425 1108 3493 (Tractare,
1126 3427 1187 3482 aed

120 3486 418 3555 viapervolgata
435 3490 599 3553 patrum)
618 3487 786 3539 invenustus
803 3500 855 3556 est,
872 3502 907 3542 ut
924 3491 975 3563 qui
988 3490 1123 3559 legitima
1139 3511 1187 3547 ca-

119 3572 186 3608 rere
197 3552 331 3606 videatur
344 3566 470 3605 caesura.
488 3554 581 3609 Prius
597 3554 834 3624 provulgata.
869 3566 910 3622 58.
927 3561 974 3612 V.:
991 3558 1066 3626 Ego
1084 3562 1185 3615 istuc

119 3632 188 3677 aet.
206 3636 280 3677 non
295 3637 359 3673 em.
378 3637 430 3690 op.
450 3618 590 3677 dabam„
621 3625 743 3673 Versum
760 3624 853 3675 vitans
870 3642 1031 3692 pronomen
1047 3630 1184 3696 expunxi·

117 3705 199 3753 mus,
221 3696 253 3740 et
274 3685 396 3740 meliore
416 3685 483 3738 loeo
506 3686 655 3756 posuimus
677 3682 958 3756 amori‚‘verbum
979 3693 1104 3760 gravius.
1140 3694 1182 3749 60.

117 3757 181 3809 Hoe
198 3764 239 3806 est
255 3753 415 3823 gloriam
431 3750 528 3805 belli
543 3755 653 3807 armis
670 3756 803 3823 reperi.
836 3757 969 3823 ‘trajecta
985 3759 1089 3824 verba,
1108 3760 1186 3819 sicut

139 3820 224 3877 assim
240 3820 270 3873 in
285 3820 403 3875 Comieo
420 3827 552 3891 utroque.
566 3818 731 3889 ¹Perperene
745 3821 801 3877 hoc
814 3823 913 3877 mirati
925 3822 1045 3894 quidam
1055 3836 1181 3882 mutant.

117 3840 160 3956 ἔῃ.
178 3887 254 3943 Frib.
268 3887 482 3942 Asceus.:.his.
517 3886 655 3941 Ceterum
665 3886 761 3943 Berol.
779 3892 820 3942 B:
837 3892 853 3944 f
858 3900 1001 3954 uerunt,
1020 3891 1109 3961 idque
1120 3893 1180 3946 for·

115 3966 190 4009 tasse
206 3953 407 4032 recipiendum
424 3961 468 4011 est
482 3952 513 4006 in
530 3953 680 4019 ordinem,
704 3953 797 4017 deleto
814 3959 864 4023 ei,
909 3957 966 4011 uod
988 3975 1048 4015 nen
1070 3960 1181 4027 legitur·

116 4025 149 4074 in
166 4024 342 4073 Ascensrana.
390 4035 432 4089 7⁰·
456 4021 552 4092 Quem
575 4029 749 4088 potestatem
773 3976 953 4077 haberelroe
969 4023 1034 4077 loeo
1050 4025 1179 4080 dicemus

117 4086 217 4141 lore?
242 4087 373 4155 Gupetuc
388 4076 489 4140 suadet
505 4087 598 4140 bens
615 4104 669 4158 pro
687 4088 801 4143 valde.
837 4093 892 4144 Sed
902 4109 942 4159 *ee
958 4092 1101 4145 medioine
1118 4095 1177 4145 vio-
