2602 4536
144 258 216 325 ωδ
308 250 317 273 *
514 243 560 316 P.
592 239 832 341 TumTll

140 427 260 487 Facere
273 417 374 486 baec?
390 423 436 489 D.
451 420 596 481 Sinerem
606 419 713 494 illum,
729 431 787 481 aut
799 437 864 479 non
876 437 935 479 sex
946 416 1024 477 totis
1037 414 1209 482 mensibus

141 506 234 568 Prius
255 506 456 572 olfecissem,
477 524 575 583 quam
594 502 653 563 ille
674 502 850 580 quidquam
871 499 1043 579 coeperet?
1149 550 1152 555 .

141 588 173 650 S.
195 588 406 670 Vigilantiam
426 601 517 647 tuam
536 599 574 646 tu
594 581 700 651 mitit
741 584 783 646 D.
804 583 854 643 Sic
875 584 916 644 sit
936 581 1045 652 modo,
1169 589 1207 643 35

141 670 188 731 Ut
202 690 291 731 nunc
307 683 364 742 est,
386 689 510 748 quaeso.
546 667 576 730 S.
598 666 643 727 Ut
660 667 792 749 quisque
805 685 899 731 suum
913 665 981 726 volt
994 664 1073 736 esse,
1088 663 1140 727 ita
1152 677 1205 727 est

139 752 182 815 D.
206 750 295 829 Quid
315 752 415 817 eum?
436 753 573 812 vidistin’
595 750 712 813 hodie?
756 747 788 817 S.
809 744 1121 816 Tuumne-filium?

139 834 293 915 (Abigam
307 834 394 895 hunc
407 828 489 911 rus.)
498 833 709 900 iamdudum
725 832 850 911 aliquid
864 831 931 892 ruri
945 848 1041 912 agere
1056 828 1206 891 arbitror.

138 918 181 980 D.
196 918 296 980 Satin’
318 920 387 991 scis,
407 916 454 981 ibi
475 915 561 985 essai
594 915 625 978 S.
642 914 706 985 Oh,
728 934 825 991 quem
846 926 974 999 egomet
994 912 1203 998 produxi...!

654 998 696 1060 D.
719 999 861 1078 Optume
883 1009 939 1059 est.

139 1082 266 1154 Metui,
287 1102 328 1146 ne
349 1080 500 1153 haereret
517 1081 601 1143 hic..
624 1078 655 1145 S.
675 1084 782 1160 Atque
803 1083 923 1142 iratum
946 1077 1134 1141 admodum.
1165 1081 1202 1139 to

138 1167 178 1232 D.
202 1164 289 1244 Quid
312 1168 446 1227 autem?
477 1165 507 1228 S.
525 1166 666 1227 Adortus
686 1164 792 1244 jurgio
813 1160 861 1224 est
882 1163 1017 1223 fratrem
1038 1161 1080 1221 ad
1097 1161 1202 1223 forum

39 1250 44 1267 '
137 1249 187 1310 De
208 1247 339 1327 psaltria
358 1251 449 1311 istac.
490 1249 530 1313 D.
551 1245 626 1311 Ain’
644 1248 738 1311 vero?
782 1245 812 1306 S.
835 1245 899 1316 Ah,
922 1242 971 1307 nil
990 1243 1145 1307 reticuit-t

37 1372 44 1383 .
135 1334 222 1394 Nam
244 1343 282 1391 ut
302 1331 533 1393 numerabatur
552 1331 637 1392 forte
658 1342 849 1411 argentum:
872 1328 1050 1389 intervenit

135 1412 303 1475 Homo.de
322 1416 514 1495 improviso·
537 1416 641 1493 coepit
661 1410 818 1477 clamare:
840 1429 871 1491 ρ,
884 1409 1053 1485 Aeschine,

138 1497 305 1561 Haeccine
319 1493 469 1582 flagitia
482 1455 605 1588 facere
628 1495 686 1558 tc?
703 1496 786 1555 baec
807 1505 841 1557 te
860 1492 1040 1556 admittere
1064 1512 1068 1519 ·
1114 1556 1117 1561 ,
1165 1492 1201 1554 45

70 1630 81 1652 s
137 1579 288 1657 Indigna
307 1601 424 1658 genere
444 1579 588 1645 nostro?
631 1577 674 1644 D.
696 1576 765 1647 Oh,
787 1576 933 1636 lacrumo
953 1572 1090 1654 gaudio!

135 1661 166 1723 S.
190 1664 272 1722 Non
293 1673 331 1725 tu
351 1663 407 1723 hic
428 1675 602 1743 argentum
622 1660 755 1741 perdis.
776 1658 835 1721 scd
853 1660 962 1722 vitam
983 1658 1088 1723 tuam.
1149 1726 1154 1735 ,

134 1744 175 1807 D.
198 1743 305 1805 Salvos
324 1745 384 1809 sitt
406 1763 506 1823 spero,
529 1756 577 1803 est
598 1743 711 1804 similis
731 1741 890 1818 majorum
914 1740 1020 1800 subm.
1063 1737 1096 1803 S.
1116 1736 1200 1803 Hui!

134 1826 176 1897 D.
197 1827 296 1906 Syre,
317 1818 565 1906 praeceptorum
587 1826 702 1905 plenus
722 1826 859 1886 istorum
878 1821 946 1885 ille.
986 1821 1021 1891 S.
1041 1820 1133 1911 ΡΜ

133 1909 234 1972 Domi
252 1907 386 1976 habuit,
406 1908 495 1967 unde
516 1907 662 1972 disceret.
704 1908 745 1970 D.
767 1908 822 1971 Fit
841 1904 973 1987 tedulo3
1117 1964 1121 1969 .
1162 1909 1202 1967 50
1238 1949 1243 1959 -

132 1990 191 2055 Nil
213 1991 455 2069 praetermitt03
473 1991 694 2065 consuefaci03
713 1990 853 2069 denique
1096 2006 1106 2039 Ι

111 2073 312 2152 ¹inspicere,
333 2087 488 2155 tanquam
509 2075 546 2135 in
566 2074 755 2153 speculum,
775 2075 810 2137 in
831 2071 910 2134 vitas
930 2068 1083 2135 omnium

130 2156 234 2218 Jubeo
255 2169 351 2235 atque
372 2168 414 2216 ex
435 2155 505 2216 aliis
527 2174 655 2215 sumere
674 2154 867 2234 exemplum
885 2152 955 2220 sibi'.

133 2227 341 2384 Hoffaciro
415 2232 444 2297 S.
459 2238 559 2298 Recte
573 2257 658 2298 sane.
680 2237 721 2298 D.
735 2239 813 2299 Hoc
820 2228 1005 2325 fugito..t
1022 2232 1057 2302 S.
1066 2233 1201 2297 Callida.

129 2318 172 2387 D.
226 2315 468 2386 oclaudiest...
488 2317 519 2381 S.
535 2319 760 2384 Istaecresest.
781 2319 824 2386 D.
842 2320 920 2384 Hoc
929 2319 1017 2389 vitto
1023 2316 1143 2421 fletur.
1163 2325 1199 2381 55

79 2530 82 2535 ,
128 2485 168 2529 tu
184 2485 306 2541 tuum,
334 2475 411 2543 quod
428 2486 457 2531 et
475 2475 609 2595 displicet
626 2485 748 2553 propter
763 2466 931 2540 κακοφὼνίαν,
948 2489 978 2536 et
993 2484 1139 2553 praestat,
1157 2496 1201 2546 ss,

129 2544 207 2613 quod
225 2542 312 2609 vulgo
329 2544 397 2597 finit
413 2550 514 2595 antece
536 2548 632 2596 entem
649 2560 781 2609 versum,
798 2545 867 2599 huic
884 2544 1069 2596 annumerari
1087 2542 1116 2597 le
1139 2548 1201 2617 'que

128 2610 308 2661 somnium
325 2607 395 2660 ill'e
411 2626 521 2677 proco,
539 2611 618 2680 quod
629 2610 755 2665 habetur
767 2613 799 2665 in
814 2611 904 2674 libris,
920 2608 990 2667 Ille
1006 2626 1198 2667 sonantum.

128 2674 172 2727 Cf.
192 2693 215 2739 2,
233 2693 258 2740 4,
275 2688 300 2741 5.
334 2675 378 2725 Es
395 2678 436 2725 ita
453 2675 625 2733 distractum
639 2678 797 2797 quominus
812 2678 969 2740 miremur,
994 2677 1072 2729 iacit·
1085 2679 1149 2735 nst
1163 2682 1199 2732 ri·

38 2756 41 2761 ’
126 2741 190 2797 mili
208 2741 293 2793 modo
310 2739 484 2795 collocatum
501 2745 571 2796 Heo.
594 2761 670 2810 pro.
695 2745 803 2812 prioris
821 2761 851 2807 a,
877 2743 995 2798 Phorm.
1012 2760 1045 2809 4,
1062 2743 1097 2811 6,
1112 2761 1155 2814 57.
1171 2756 1201 2798 et

126 2806 223 2877 Plautfl.
240 2806 339 2862 Auia
376 2823 409 2872 15
426 2821 475 2873 55,
501 2809 551 2862 uti
570 2809 710 2871 ejusmodi
727 2808 804 2871 locos
821 2810 919 2880 plures
936 2808 1100 2867 laudamus.
1134 2814 1200 2883 Quo

126 2875 221 2947 positu
237 2845 373 2928 vocabuii
390 2875 478 2928 otiam
500 2874 532 2927 id
556 2875 698 2939 efficitur,
722 2883 755 2924 ut
777 2874 864 2943 plene
887 2875 1056 2927 exaudiatur
1077 2879 1200 2930 verbum

128 2940 336 3009 gravissimum·
357 2941 558 3009 sapienti-a,
586 2940 662 3010 quod
687 2942 763 2993 lente
788 2950 816 2992 et
839 2958 907 2993 cum
924 2941 1047 2996 ridicula
1069 2945 1200 3015 emphasi

150 3007 413 3058 ronuntiatservus
430 3024 565 3079 nequam.
606 3024 649 3075 54.
667 3016 842 3074 coeperet
858 3009 929 3060 libri
944 3009 1087 3081 plurimi,
1104 3013 1137 3062 in
1153 3012 1200 3067 iris

16 3136 19 3141 ι
128 3024 151 3122 D
174 3070 271 3125 Berol.
297 3072 482 3141 (Helmstad.:
507 3078 687 3142 caperet),
711 3075 851 3127 Priscian.
898 3083 979 3144 ‚879.
1001 3076 1122 3132 Putscb.
1150 3081 1200 3131 V.:

23 3144 26 3149 ’
129 3154 191 3190 coe
225 3135 314 3201 erit,
346 3140 422 3204 quod
447 3138 603 3192 soloccum.
641 3140 684 3193 cf.
708 3142 782 3196 Non.
814 3159 840 3193 v.
899 3158 1044 3209 cepere.
1091 3158 1133 3212 55.
1157 3146 1200 3198 lta

128 3154 240 3266 Beati„
258 3202 315 3252 nisi
333 3204 409 3272 quo'd
426 3205 529 3256 excudi
546 3207 630 3269 jussit
648 3220 685 3263 tu
693 3212 731 3259 n’.
759 3208 800 3272 V..
818 3209 957 3276 perversis
973 3210 1122 3267 numeris:
1139 3217 1200 3264 mi.

127 3273 166 3330 hi
182 3269 330 3324 narras?
363 3270 400 3322 D.
420 3273 476 3322 Sic
495 3273 575 3324 siet.
603 3273 719 3335 Modo,
738 3283 776 3322 ut
793 3290 892 3326 nunc
910 3283 963 3326 est
981 3283 1035 3329 etc.
1059 3276 1198 3330 Narras

127 3348 170 3392 est
186 3335 335 3405 glossema.
370 3337 466 3391 scatet
487 3338 535 3391 hic
553 3348 650 3391 noster
673 3340 814 3402 ejusmodi
837 3336 996 3418 ellipsibus.
1035 3357 1077 3408 57.
1103 3345 1199 3414 Quid

127 3401 227 3459 eum?
243 3403 363 3456 initium
380 3406 613 3472 interrogationis
631 3406 666 3457 de
682 3422 804 3474 persona
816 3406 946 3470 alicujus.
980 3406 1027 3459 Sic
1039 3410 1075 3467 ¹in
1094 3413 1199 3465 Heaut.

129 3468 795 3540 (5‚1‚72):Syrum.JQuideunr2Donet.
831 3488 871 3538 59.
892 3476 1003 3542 quem.
1030 3474 1106 3530 Aliis
1125 3479 1198 3547 qui,

127 3541 172 3591 vol
196 3539 291 3606 quin.
328 3538 439 3607 Quem
464 3539 551 3589 etiam
574 3539 669 3591 Bentl.
709 3544 750 3604 ῃ.
775 3541 901 3592 Duricre
924 3557 1046 3593 numero
1071 3542 1197 3612 legitur:

54 3632 59 3641 ι
127 3606 219 3673 apud
237 3603 376 3657 forum.=
394 3604 436 3655 Cf.
454 3605 556 3657 Heaut.
575 3623 600 3671 5,
617 3626 644 3673 4,
665 3613 765 3669 teuto.
801 3605 872 3668 Est,
890 3605 977 3673 vulgo
994 3607 1198 3676 desideratum,
1244 3628 1246 3635 ¹

126 3672 251 3723 habetur
266 3669 392 3720 in'codd.
406 3678 473 3720 vettt
508 3687 548 3733 42.
566 3673 613 3725 V.:
633 3673 714 3735 Vah,
732 3673 785 3723 nil
801 3689 835 3736 r.,
852 3672 929 3740 quod
943 3689 1040 3725 versus
1051 3692 1111 3731 non
1123 3677 1199 3742 fert3

127 3753 223 3806 nequo
240 3736 405 3807 scripserim
421 3752 485 3787 cum
500 3737 630 3801 Bentlejo
648 3739 699 3789 De
716 3755 765 3806 ps.
784 3739 858 3789 hac.
884 3740 978 3806 ipsius
992 3743 1119 3801 Demeae
1135 3746 1199 3797 ver-

126 3805 199 3856 bum
216 3804 282 3872 (25.)
300 3802 407 3873 repetit
423 3802 547 3857 irridens
565 3821 672 3855 servus.
715 3820 757 3873 47.
783 3807 829 3860 V.t
852 3805 887 3855 N.
914 3816 951 3856 tu
975 3808 1043 3858 hoc
1068 3826 1139 3879 arg.
1165 3829 1195 3878 p.

126 3870 210 3933 Hic,
228 3869 257 3918 in
278 3868 332 3919 hoc
349 3869 474 3936 negotio.
507 3879 549 3935 48.
567 3868 661 3922 Bentl.
679 3871 774 3940 pravis
789 3873 932 3925 numeris:
950 3875 1025 3924 erit
1042 3876 1117 3929 sim.
1150 3893 1195 3943 49.

126 3943 218 4012 Pby‚
236 3939 290 4011 Φῦ,
309 3958 366 3994 non
382 3943 574 3996 videturesse
598 3945 683 4010 hujus
700 3944 767 3999 loci.
802 3943 849 4004 Φεῦ
867 3947 997 4035 mirantis
1015 3959 1071 4015 ως
1094 3967 1196 4004 verum

46 4024 51 4041 ¹
125 4016 158 4070 id
171 4014 412 4085 nondurn'reperi
428 4015 505 4084 apud
521 4017 659 4073 Latinos..

1047 4190 1054 4235 l
