<?xml version="1.0" encoding="UTF-8"?>
<!DOCTYPE html PUBLIC "-//W3C//DTD XHTML 1.0 Transitional//EN"
    "http://www.w3.org/TR/xhtml1/DTD/xhtml1-transitional.dtd">
<html xmlns="http://www.w3.org/1999/xhtml" xml:lang="en" lang="en">
 <head>
  <title>
</title>
<meta http-equiv="Content-Type" content="text/html;charset=utf-8" />
  <meta name='ocr-system' content='tesseract 3.04.00' />
  <meta name='ocr-capabilities' content='ocr_page ocr_carea ocr_par ocr_line ocrx_word'/>
</head>
<body>
  <div class='ocr_page' id='page_1' title='image "./poetaescenicila00bothgoog_0343.png"; bbox 0 0 2602 4536; ppageno 0'>
   <div class='ocr_carea' id='block_1_1' title="bbox 107 274 1288 376">
    <p class='ocr_par' dir='ltr' id='par_1_1' title="bbox 107 274 1288 409">
     <span class='ocr_line' id='line_1_1' title="bbox 107 274 1288 376; baseline 0.012 -31"><span class='ocrx_word' id='word_1_1' title='bbox 107 282 239 376; x_wconf 58' lang='grc' dir='ltr'>,ωε</span> <span class='ocrx_word' id='word_1_2' title='bbox 445 292 449 299; x_wconf 91' lang='grc'><strong>-</strong></span> <span class='ocrx_word' id='word_1_3' title='bbox 539 274 850 365; x_wconf 60' lang='lat' dir='ltr'>emturum</span> <span class='ocrx_word' id='word_1_4' title='bbox 1280 296 1288 305; x_wconf 91' lang='lat'>·</span> 
     </span>
    </p>
   </div>
   <div class='ocr_carea' id='block_1_2' title="bbox 129 457 1243 1885">
    <p class='ocr_par' dir='ltr' id='par_1_2' title="bbox 158 457 1130 541">
     <span class='ocr_line' id='line_1_2' title="bbox 158 457 1130 541; baseline 0.006 -15"><span class='ocrx_word' id='word_1_5' title='bbox 158 464 221 527; x_wconf 77' lang='lat' dir='ltr'>Pa.</span> <span class='ocrx_word' id='word_1_6' title='bbox 242 460 320 525; x_wconf 88' lang='lat' dir='ltr'>Non</span> <span class='ocrx_word' id='word_1_7' title='bbox 340 457 464 521; x_wconf 87' lang='lat' dir='ltr'>credidi</span> <span class='ocrx_word' id='word_1_8' title='bbox 484 458 616 541; x_wconf 84' lang='lat' dir='ltr'>edepol,</span> <span class='ocrx_word' id='word_1_9' title='bbox 636 459 717 521; x_wconf 82' lang='lat' dir='ltr'>adeo</span> <span class='ocrx_word' id='word_1_10' title='bbox 736 459 961 527; x_wconf 83' lang='lat' dir='ltr'>inhumanum</span> <span class='ocrx_word' id='word_1_11' title='bbox 987 465 1081 537; x_wconf 77' lang='lat' dir='ltr'>iore.</span> <span class='ocrx_word' id='word_1_12' title='bbox 1125 524 1130 535; x_wconf 86' lang='lat'>,</span> 
     </span>
    </p>

    <p class='ocr_par' dir='ltr' id='par_1_3' title="bbox 157 541 1243 701">
     <span class='ocr_line' id='line_1_3' title="bbox 158 541 1243 632; baseline 0.005 -27"><span class='ocrx_word' id='word_1_13' title='bbox 158 541 242 605; x_wconf 79' lang='lat' dir='ltr'>Ittn&#39;</span> <span class='ocrx_word' id='word_1_14' title='bbox 260 546 289 604; x_wconf 88' lang='lat' dir='ltr'>is</span> <span class='ocrx_word' id='word_1_15' title='bbox 309 562 398 603; x_wconf 85' lang='lat' dir='ltr'>nunc</span> <span class='ocrx_word' id='word_1_16' title='bbox 420 542 480 604; x_wconf 90' lang='lat' dir='ltr'>sibi</span> <span class='ocrx_word' id='word_1_17' title='bbox 502 562 556 605; x_wconf 91' lang='lat' dir='ltr'>me</span> <span class='ocrx_word' id='word_1_18' title='bbox 577 542 834 622; x_wconf 84' lang='lat' dir='ltr'>supplicaturum</span> <span class='ocrx_word' id='word_1_19' title='bbox 853 546 968 627; x_wconf 71' lang='lat' dir='ltr'>putati</span> <span class='ocrx_word' id='word_1_20' title='bbox 993 616 1006 632; x_wconf 41' lang='lat' dir='ltr'><em>l</em></span> <span class='ocrx_word' id='word_1_21' title='bbox 1073 617 1084 626; x_wconf 45' lang='grc'>,</span> <span class='ocrx_word' id='word_1_22' title='bbox 1210 562 1243 625; x_wconf 70' lang='lat'>50</span> 
     </span>
     <span class='ocr_line' id='line_1_4' title="bbox 157 625 1042 701; baseline 0.006 -13"><span class='ocrx_word' id='word_1_23' title='bbox 157 626 194 689; x_wconf 87' lang='lat' dir='ltr'>Si</span> <span class='ocrx_word' id='word_1_24' title='bbox 215 638 279 697; x_wconf 89' lang='lat' dir='ltr'>est,</span> <span class='ocrx_word' id='word_1_25' title='bbox 302 641 339 688; x_wconf 88' lang='lat' dir='ltr'>ut</span> <span class='ocrx_word' id='word_1_26' title='bbox 359 626 440 687; x_wconf 84' lang='lat' dir='ltr'>velit</span> <span class='ocrx_word' id='word_1_27' title='bbox 459 625 614 687; x_wconf 80' lang='lat' dir='ltr'>reducere</span> <span class='ocrx_word' id='word_1_28' title='bbox 634 644 795 694; x_wconf 81' lang='lat' dir='ltr'>uxoremt</span> <span class='ocrx_word' id='word_1_29' title='bbox 816 631 903 693; x_wconf 91' lang='lat' dir='ltr'>licet.</span> <span class='ocrx_word' id='word_1_30' title='bbox 974 640 979 657; x_wconf 91' lang='lat'><em>&#39;</em></span> <span class='ocrx_word' id='word_1_31' title='bbox 1035 688 1042 701; x_wconf 84' lang='lat'>,</span> 
     </span>
    </p>

    <p class='ocr_par' dir='ltr' id='par_1_4' title="bbox 156 708 1107 792">
     <span class='ocr_line' id='line_1_5' title="bbox 156 708 1107 792; baseline 0.008 -22"><span class='ocrx_word' id='word_1_32' title='bbox 156 708 217 771; x_wconf 87' lang='lat' dir='ltr'>Sin</span> <span class='ocrx_word' id='word_1_33' title='bbox 237 710 301 771; x_wconf 80' lang='lat' dir='ltr'>elio</span> <span class='ocrx_word' id='word_1_34' title='bbox 323 723 370 770; x_wconf 85' lang='lat' dir='ltr'>est</span> <span class='ocrx_word' id='word_1_35' title='bbox 392 710 518 769; x_wconf 80' lang='lat' dir='ltr'>animo:</span> <span class='ocrx_word' id='word_1_36' title='bbox 539 722 728 773; x_wconf 86' lang='lat' dir='ltr'>renumeret</span> <span class='ocrx_word' id='word_1_37' title='bbox 749 710 858 773; x_wconf 89' lang='lat' dir='ltr'>dotem</span> <span class='ocrx_word' id='word_1_38' title='bbox 880 710 963 792; x_wconf 77' lang='lat' dir='ltr'>huc3</span> <span class='ocrx_word' id='word_1_39' title='bbox 987 727 1057 779; x_wconf 81' lang='lat' dir='ltr'>eat.</span> <span class='ocrx_word' id='word_1_40' title='bbox 1100 746 1107 755; x_wconf 73' lang='lat'>,</span> 
     </span>
    </p>

    <p class='ocr_par' dir='ltr' id='par_1_5' title="bbox 154 792 1073 872">
     <span class='ocr_line' id='line_1_6' title="bbox 154 792 1073 872; baseline 0.007 -16"><span class='ocrx_word' id='word_1_41' title='bbox 154 794 192 856; x_wconf 80' lang='lat' dir='ltr'>L</span> <span class='ocrx_word' id='word_1_42' title='bbox 213 792 297 854; x_wconf 84' lang='lat' dir='ltr'>Ecce</span> <span class='ocrx_word' id='word_1_43' title='bbox 318 804 429 853; x_wconf 78' lang='lat' dir='ltr'>sutem</span> <span class='ocrx_word' id='word_1_44' title='bbox 449 806 487 854; x_wconf 91' lang='lat' dir='ltr'>tu</span> <span class='ocrx_word' id='word_1_45' title='bbox 509 808 636 869; x_wconf 91' lang='lat' dir='ltr'>quoque</span> <span class='ocrx_word' id='word_1_46' title='bbox 655 806 804 872; x_wconf 71' lang='lat' dir='ltr'>proterve</span> <span class='ocrx_word' id='word_1_47' title='bbox 823 795 999 859; x_wconf 80' lang='lat' dir='ltr'>iracundus</span> <span class='ocrx_word' id='word_1_48' title='bbox 1020 816 1073 862; x_wconf 85' lang='lat' dir='ltr'>es.</span> 
     </span>
    </p>

    <p class='ocr_par' dir='ltr' id='par_1_6' title="bbox 154 871 1035 960">
     <span class='ocr_line' id='line_1_7' title="bbox 154 871 1035 960; baseline 0.001 -22"><span class='ocrx_word' id='word_1_49' title='bbox 154 871 215 938; x_wconf 80' lang='lat' dir='ltr'>Pa:</span> <span class='ocrx_word' id='word_1_50' title='bbox 236 879 478 938; x_wconf 68' lang='lat' dir='ltr'>Percontumax</span> <span class='ocrx_word' id='word_1_51' title='bbox 498 872 607 935; x_wconf 82' lang='lat' dir='ltr'>redisti</span> <span class='ocrx_word' id='word_1_52' title='bbox 627 873 695 953; x_wconf 81' lang='lat' dir='ltr'>huc</span> <span class='ocrx_word' id='word_1_53' title='bbox 714 877 825 951; x_wconf 84' lang='lat' dir='ltr'>nobis,</span> <span class='ocrx_word' id='word_1_54' title='bbox 846 878 1035 960; x_wconf 84' lang='lat' dir='ltr'>Pamphile.</span> 
     </span>
    </p>

    <p class='ocr_par' dir='ltr' id='par_1_7' title="bbox 129 956 1239 1123">
     <span class='ocr_line' id='line_1_8' title="bbox 153 956 1239 1035; baseline 0.006 -16"><span class='ocrx_word' id='word_1_55' title='bbox 153 956 193 1021; x_wconf 89' lang='lat' dir='ltr'>L.</span> <span class='ocrx_word' id='word_1_56' title='bbox 214 958 359 1020; x_wconf 86' lang='lat' dir='ltr'>Decedet</span> <span class='ocrx_word' id='word_1_57' title='bbox 379 960 428 1017; x_wconf 84' lang='lat' dir='ltr'>ira</span> <span class='ocrx_word' id='word_1_58' title='bbox 448 956 549 1028; x_wconf 87' lang='lat' dir='ltr'>haec,</span> <span class='ocrx_word' id='word_1_59' title='bbox 571 959 633 1018; x_wconf 89' lang='lat' dir='ltr'>etsi</span> <span class='ocrx_word' id='word_1_60' title='bbox 653 959 770 1019; x_wconf 90' lang='lat' dir='ltr'>merito</span> <span class='ocrx_word' id='word_1_61' title='bbox 790 961 890 1023; x_wconf 81' lang='lat' dir='ltr'>iratus</span> <span class='ocrx_word' id='word_1_62' title='bbox 910 974 968 1027; x_wconf 84' lang='lat' dir='ltr'>est.</span> <span class='ocrx_word' id='word_1_63' title='bbox 1205 977 1239 1035; x_wconf 72' lang='lat'>55</span> 
     </span>
     <span class='ocr_line' id='line_1_9' title="bbox 129 1038 932 1123; baseline 0.001 -20"><span class='ocrx_word' id='word_1_64' title='bbox 129 1042 214 1106; x_wconf 68' lang='lat' dir='ltr'>&#39;Pu</span> <span class='ocrx_word' id='word_1_65' title='bbox 236 1043 320 1122; x_wconf 79' lang='lat' dir='ltr'>Quis</span> <span class='ocrx_word' id='word_1_66' title='bbox 340 1041 434 1101; x_wconf 79' lang='lat' dir='ltr'>cessit</span> <span class='ocrx_word' id='word_1_67' title='bbox 456 1039 544 1100; x_wconf 84' lang='lat' dir='ltr'>vobis</span> <span class='ocrx_word' id='word_1_68' title='bbox 564 1038 737 1117; x_wconf 86' lang='lat' dir='ltr'>paululum</span> <span class='ocrx_word' id='word_1_69' title='bbox 757 1040 932 1123; x_wconf 77' lang='lat' dir='ltr'>pecuniae,</span> 
     </span>
    </p>

    <p class='ocr_par' dir='ltr' id='par_1_8' title="bbox 152 1122 1021 1211">
     <span class='ocr_line' id='line_1_10' title="bbox 152 1122 1021 1211; baseline 0.006 -26"><span class='ocrx_word' id='word_1_70' title='bbox 152 1122 278 1186; x_wconf 85' lang='lat' dir='ltr'>Sublati</span> <span class='ocrx_word' id='word_1_71' title='bbox 299 1124 401 1183; x_wconf 80' lang='lat' dir='ltr'>enimi</span> <span class='ocrx_word' id='word_1_72' title='bbox 421 1136 506 1185; x_wconf 88' lang='lat' dir='ltr'>suut.</span> <span class='ocrx_word' id='word_1_73' title='bbox 548 1124 583 1183; x_wconf 89' lang='lat' dir='ltr'>L.</span> <span class='ocrx_word' id='word_1_74' title='bbox 604 1122 714 1184; x_wconf 83' lang='lat' dir='ltr'>Etiam</span> <span class='ocrx_word' id='word_1_75' title='bbox 735 1144 866 1188; x_wconf 87' lang='lat' dir='ltr'>mecum</span> <span class='ocrx_word' id='word_1_76' title='bbox 887 1126 1021 1211; x_wconf 76' lang='lat' dir='ltr'>litiget?</span> 
     </span>
    </p>

    <p class='ocr_par' dir='ltr' id='par_1_9' title="bbox 152 1205 1044 1287">
     <span class='ocr_line' id='line_1_11' title="bbox 152 1205 1044 1287; baseline 0.007 -16"><span class='ocrx_word' id='word_1_77' title='bbox 152 1211 214 1271; x_wconf 81' lang='lat' dir='ltr'>Pu.</span> <span class='ocrx_word' id='word_1_78' title='bbox 234 1206 423 1277; x_wconf 87' lang='lat' dir='ltr'>Deliberet,</span> <span class='ocrx_word' id='word_1_79' title='bbox 445 1206 678 1287; x_wconf 89' lang='lat' dir='ltr'>renuntietque</span> <span class='ocrx_word' id='word_1_80' title='bbox 697 1205 795 1268; x_wconf 90' lang='lat' dir='ltr'>hodie</span> <span class='ocrx_word' id='word_1_81' title='bbox 816 1210 910 1283; x_wconf 88' lang='lat' dir='ltr'>mihi,</span> <span class='ocrx_word' id='word_1_82' title='bbox 1041 1273 1044 1277; x_wconf 75' lang='grc'>,</span> 
     </span>
    </p>

    <p class='ocr_par' dir='ltr' id='par_1_10' title="bbox 152 1288 1093 1371">
     <span class='ocr_line' id='line_1_12' title="bbox 152 1288 1093 1371; baseline 0.005 -19"><span class='ocrx_word' id='word_1_83' title='bbox 152 1292 301 1359; x_wconf 86' lang='lat' dir='ltr'>Velitne,</span> <span class='ocrx_word' id='word_1_84' title='bbox 323 1309 365 1349; x_wconf 85' lang='lat' dir='ltr'>an</span> <span class='ocrx_word' id='word_1_85' title='bbox 384 1303 468 1351; x_wconf 80' lang='lat' dir='ltr'>non:</span> <span class='ocrx_word' id='word_1_86' title='bbox 491 1302 528 1350; x_wconf 88' lang='lat' dir='ltr'>ut</span> <span class='ocrx_word' id='word_1_87' title='bbox 549 1288 624 1363; x_wconf 85' lang='lat' dir='ltr'>alii,</span> <span class='ocrx_word' id='word_1_88' title='bbox 647 1288 773 1351; x_wconf 87' lang='lat' dir='ltr'>sihuic</span> <span class='ocrx_word' id='word_1_89' title='bbox 793 1305 946 1371; x_wconf 85' lang='lat' dir='ltr'>nonest,</span> <span class='ocrx_word' id='word_1_90' title='bbox 968 1294 1048 1361; x_wconf 87' lang='lat' dir='ltr'>siet.</span> <span class='ocrx_word' id='word_1_91' title='bbox 1087 1330 1093 1337; x_wconf 95' lang='lat'>·</span> 
     </span>
    </p>

    <p class='ocr_par' dir='ltr' id='par_1_11' title="bbox 148 1370 1237 1782">
     <span class='ocr_line' id='line_1_13' title="bbox 150 1370 1237 1457; baseline 0.007 -24"><span class='ocrx_word' id='word_1_92' title='bbox 150 1370 190 1437; x_wconf 79' lang='lat' dir='ltr'>L.</span> <span class='ocrx_word' id='word_1_93' title='bbox 212 1373 380 1453; x_wconf 89' lang='lat' dir='ltr'>Phidippe,</span> <span class='ocrx_word' id='word_1_94' title='bbox 401 1372 493 1444; x_wconf 79' lang='lat' dir='ltr'>edes3</span> <span class='ocrx_word' id='word_1_95' title='bbox 515 1370 592 1431; x_wconf 83' lang='lat' dir='ltr'>audi</span> <span class='ocrx_word' id='word_1_96' title='bbox 612 1372 732 1451; x_wconf 90' lang='lat' dir='ltr'>paucis.</span> <span class='ocrx_word' id='word_1_97' title='bbox 774 1375 873 1436; x_wconf 84' lang='lat' dir='ltr'>Abiit.</span> <span class='ocrx_word' id='word_1_98' title='bbox 917 1379 1009 1457; x_wconf 85' lang='lat' dir='ltr'>Quid</span> <span class='ocrx_word' id='word_1_99' title='bbox 1030 1382 1141 1453; x_wconf 67' lang='lat' dir='ltr'>mea?</span> <span class='ocrx_word' id='word_1_100' title='bbox 1202 1394 1237 1451; x_wconf 78' lang='lat'>60</span> 
     </span>
     <span class='ocr_line' id='line_1_14' title="bbox 149 1456 1075 1537; baseline 0.002 -18"><span class='ocrx_word' id='word_1_101' title='bbox 149 1456 318 1520; x_wconf 87' lang='lat' dir='ltr'>Postremo</span> <span class='ocrx_word' id='word_1_102' title='bbox 338 1458 425 1516; x_wconf 90' lang='lat' dir='ltr'>inter</span> <span class='ocrx_word' id='word_1_103' title='bbox 446 1476 479 1515; x_wconf 91' lang='lat' dir='ltr'>se</span> <span class='ocrx_word' id='word_1_104' title='bbox 499 1456 680 1537; x_wconf 85' lang='lat' dir='ltr'>transigant</span> <span class='ocrx_word' id='word_1_105' title='bbox 698 1456 778 1537; x_wconf 87' lang='lat' dir='ltr'>ipsi,</span> <span class='ocrx_word' id='word_1_106' title='bbox 799 1472 836 1519; x_wconf 89' lang='lat' dir='ltr'>ut</span> <span class='ocrx_word' id='word_1_107' title='bbox 856 1458 960 1522; x_wconf 84' lang='lat' dir='ltr'>lubet.</span> <span class='ocrx_word' id='word_1_108' title='bbox 1071 1494 1075 1501; x_wconf 91' lang='lat'><em>·</em></span> 
     </span>
     <span class='ocr_line' id='line_1_15' title="bbox 148 1538 1234 1630; baseline 0.012 -29"><span class='ocrx_word' id='word_1_109' title='bbox 148 1540 290 1619; x_wconf 90' lang='lat' dir='ltr'>Quando</span> <span class='ocrx_word' id='word_1_110' title='bbox 302 1557 363 1601; x_wconf 90' lang='lat' dir='ltr'>nec</span> <span class='ocrx_word' id='word_1_111' title='bbox 380 1551 496 1619; x_wconf 81' lang='lat' dir='ltr'>gnatus</span> <span class='ocrx_word' id='word_1_112' title='bbox 511 1555 616 1616; x_wconf 88' lang='lat' dir='ltr'>neque</span> <span class='ocrx_word' id='word_1_113' title='bbox 630 1538 686 1603; x_wconf 87' lang='lat' dir='ltr'>hic</span> <span class='ocrx_word' id='word_1_114' title='bbox 699 1539 785 1599; x_wconf 89' lang='lat' dir='ltr'>mihi</span> <span class='ocrx_word' id='word_1_115' title='bbox 795 1540 970 1620; x_wconf 83' lang='lat' dir='ltr'>quidquem</span> <span class='ocrx_word' id='word_1_116' title='bbox 985 1544 1234 1630; x_wconf 82' lang='lat' dir='ltr'>obtemperant,</span> 
     </span>
     <span class='ocr_line' id='line_1_16' title="bbox 150 1619 1085 1708; baseline -0.003 -24"><span class='ocrx_word' id='word_1_117' title='bbox 150 1624 243 1703; x_wconf 83' lang='lat' dir='ltr'>Quae</span> <span class='ocrx_word' id='word_1_118' title='bbox 257 1622 355 1703; x_wconf 84' lang='lat' dir='ltr'>¹dico,</span> <span class='ocrx_word' id='word_1_119' title='bbox 376 1619 633 1700; x_wconf 79' lang='lat' dir='ltr'>parvipenduutt</span> <span class='ocrx_word' id='word_1_120' title='bbox 655 1635 748 1703; x_wconf 90' lang='lat' dir='ltr'>porto</span> <span class='ocrx_word' id='word_1_121' title='bbox 769 1621 832 1683; x_wconf 87' lang='lat' dir='ltr'>hoo</span> <span class='ocrx_word' id='word_1_122' title='bbox 852 1623 1002 1708; x_wconf 84' lang='lat' dir='ltr'>jurgium</span> <span class='ocrx_word' id='word_1_123' title='bbox 1024 1631 1085 1693; x_wconf 79' lang='lat' dir='ltr'>ad.</span> 
     </span>
     <span class='ocr_line' id='line_1_17' title="bbox 148 1701 1001 1782; baseline 0.005 -16"><span class='ocrx_word' id='word_1_124' title='bbox 148 1704 314 1775; x_wconf 86' lang='lat' dir='ltr'>Uxorem,</span> <span class='ocrx_word' id='word_1_125' title='bbox 336 1707 427 1780; x_wconf 89' lang='lat' dir='ltr'>cujus</span> <span class='ocrx_word' id='word_1_126' title='bbox 448 1703 528 1762; x_wconf 85' lang='lat' dir='ltr'>haec</span> <span class='ocrx_word' id='word_1_127' title='bbox 550 1701 636 1763; x_wconf 86' lang='lat' dir='ltr'>fiunt</span> <span class='ocrx_word' id='word_1_128' title='bbox 656 1705 791 1766; x_wconf 88' lang='lat' dir='ltr'>consilio</span> <span class='ocrx_word' id='word_1_129' title='bbox 813 1709 935 1782; x_wconf 86' lang='lat' dir='ltr'>omnia,</span> <span class='ocrx_word' id='word_1_130' title='bbox 973 1717 1001 1782; x_wconf 59' lang='lat' dir='ltr'><em>J</em></span> 
     </span>
    </p>

    <p class='ocr_par' dir='ltr' id='par_1_12' title="bbox 145 1785 1230 1885">
     <span class='ocr_line' id='line_1_18' title="bbox 145 1785 1230 1885; baseline 0.012 -35"><span class='ocrx_word' id='word_1_131' title='bbox 145 1790 252 1873; x_wconf 81' lang='lat' dir='ltr'>Atque</span> <span class='ocrx_word' id='word_1_132' title='bbox 272 1791 311 1850; x_wconf 85' lang='lat' dir='ltr'>in</span> <span class='ocrx_word' id='word_1_133' title='bbox 329 1806 401 1849; x_wconf 85' lang='lat' dir='ltr'>earn</span> <span class='ocrx_word' id='word_1_134' title='bbox 415 1785 478 1846; x_wconf 92' lang='lat' dir='ltr'>hoc</span> <span class='ocrx_word' id='word_1_135' title='bbox 492 1804 601 1860; x_wconf 85' lang='lat' dir='ltr'>omne,</span> <span class='ocrx_word' id='word_1_136' title='bbox 619 1786 704 1865; x_wconf 89' lang='lat' dir='ltr'>quod</span> <span class='ocrx_word' id='word_1_137' title='bbox 715 1787 800 1849; x_wconf 90' lang='lat' dir='ltr'>mihi</span> <span class='ocrx_word' id='word_1_138' title='bbox 814 1807 912 1871; x_wconf 83' lang='lat' dir='ltr'>aegre</span> <span class='ocrx_word' id='word_1_139' title='bbox 925 1804 985 1865; x_wconf 85' lang='lat' dir='ltr'>est,</span> <span class='ocrx_word' id='word_1_140' title='bbox 1002 1813 1177 1866; x_wconf 75' lang='lat' dir='ltr'>evomam.</span> <span class='ocrx_word' id='word_1_141' title='bbox 1197 1807 1230 1885; x_wconf 76' lang='lat' dir='ltr'>til</span> 
     </span>
    </p>
   </div>
   <div class='ocr_carea' id='block_1_3' title="bbox 353 1973 1010 2053">
    <p class='ocr_par' dir='ltr' id='par_1_13' title="bbox 353 1973 1010 2053">
     <span class='ocr_line' id='line_1_19' title="bbox 353 1973 1010 2053; baseline 0.009 -7"><span class='ocrx_word' id='word_1_142' title='bbox 353 1973 544 2046; x_wconf 87' lang='lat' dir='ltr'>ACTUS</span> <span class='ocrx_word' id='word_1_143' title='bbox 569 1975 640 2045; x_wconf 91' lang='grc' dir='ltr'><strong>ΙΙΙ.</strong></span> <span class='ocrx_word' id='word_1_144' title='bbox 692 1974 881 2049; x_wconf 83' lang='lat' dir='ltr'>SCENA</span> <span class='ocrx_word' id='word_1_145' title='bbox 905 1978 1010 2053; x_wconf 87' lang='lat' dir='ltr'><strong>VIII.</strong></span> 
     </span>
    </p>
   </div>
   <div class='ocr_carea' id='block_1_4' title="bbox 249 2112 1133 2203">
    <p class='ocr_par' dir='ltr' id='par_1_14' title="bbox 249 2112 1133 2203">
     <span class='ocr_line' id='line_1_20' title="bbox 249 2112 1133 2203; baseline 0.017 -16"><span class='ocrx_word' id='word_1_146' title='bbox 249 2112 651 2197; x_wconf 73' lang='lat' dir='ltr'>MYRRHINA,</span> <span class='ocrx_word' id='word_1_147' title='bbox 698 2125 1133 2203; x_wconf 85' lang='lat' dir='ltr'><strong>PHIDIPPUS.</strong></span> 
     </span>
    </p>
   </div>
   <div class='ocr_carea' id='block_1_5' title="bbox 138 2240 1266 3149">
    <p class='ocr_par' dir='ltr' id='par_1_15' title="bbox 144 2240 1216 2403">
     <span class='ocr_line' id='line_1_21' title="bbox 144 2240 1216 2327; baseline 0.014 -26"><span class='ocrx_word' id='word_1_148' title='bbox 144 2244 194 2308; x_wconf 87' lang='lat' dir='ltr'>M.</span> <span class='ocrx_word' id='word_1_149' title='bbox 214 2242 321 2309; x_wconf 85' lang='lat' dir='ltr'>Perii!</span> <span class='ocrx_word' id='word_1_150' title='bbox 351 2240 429 2323; x_wconf 89' lang='lat' dir='ltr'>quid</span> <span class='ocrx_word' id='word_1_151' title='bbox 449 2241 567 2322; x_wconf 78' lang='lat' dir='ltr'>egam?</span> <span class='ocrx_word' id='word_1_152' title='bbox 595 2259 660 2320; x_wconf 89' lang='lat' dir='ltr'>quo</span> <span class='ocrx_word' id='word_1_153' title='bbox 682 2261 736 2303; x_wconf 88' lang='lat' dir='ltr'>me</span> <span class='ocrx_word' id='word_1_154' title='bbox 757 2244 905 2304; x_wconf 82' lang='lat' dir='ltr'>vortam?</span> <span class='ocrx_word' id='word_1_155' title='bbox 935 2246 1016 2325; x_wconf 89' lang='lat' dir='ltr'>quid</span> <span class='ocrx_word' id='word_1_156' title='bbox 1052 2254 1128 2327; x_wconf 80' lang='lat' dir='ltr'>viro</span> <span class='ocrx_word' id='word_1_157' title='bbox 1150 2272 1216 2319; x_wconf 87' lang='lat' dir='ltr'>meo</span> 
     </span>
     <span class='ocr_line' id='line_1_22' title="bbox 624 2324 1149 2403; baseline 0.013 -20"><span class='ocrx_word' id='word_1_158' title='bbox 624 2398 627 2403; x_wconf 86' lang='lat'>.</span> <span class='ocrx_word' id='word_1_159' title='bbox 654 2324 865 2402; x_wconf 66' lang='lat' dir='ltr'>respondebo</span> <span class='ocrx_word' id='word_1_160' title='bbox 987 2332 992 2337; x_wconf 78' lang='grc'><strong>’</strong></span> <span class='ocrx_word' id='word_1_161' title='bbox 1072 2349 1100 2400; x_wconf 79' lang='lat' dir='ltr'>t,</span> <span class='ocrx_word' id='word_1_162' title='bbox 1123 2350 1149 2401; x_wconf 77' lang='lat' dir='ltr'>t,</span> 
     </span>
    </p>

    <p class='ocr_par' dir='ltr' id='par_1_16' title="bbox 141 2403 1204 2573">
     <span class='ocr_line' id='line_1_23' title="bbox 142 2403 1204 2501; baseline 0.014 -31"><span class='ocrx_word' id='word_1_163' title='bbox 142 2403 287 2470; x_wconf 68' lang='lat' dir='ltr'>Misera?</span> <span class='ocrx_word' id='word_1_164' title='bbox 307 2426 385 2467; x_wconf 88' lang='lat' dir='ltr'>nam</span> <span class='ocrx_word' id='word_1_165' title='bbox 406 2405 565 2467; x_wconf 86' lang='lat' dir='ltr'>audivisse</span> <span class='ocrx_word' id='word_1_166' title='bbox 587 2425 701 2466; x_wconf 90' lang='lat' dir='ltr'>vocem</span> <span class='ocrx_word' id='word_1_167' title='bbox 720 2408 815 2485; x_wconf 90' lang='lat' dir='ltr'>pueri</span> <span class='ocrx_word' id='word_1_168' title='bbox 835 2409 921 2469; x_wconf 84' lang='lat' dir='ltr'>visus</span> <span class='ocrx_word' id='word_1_169' title='bbox 942 2423 990 2472; x_wconf 85' lang='lat' dir='ltr'>est</span> <span class='ocrx_word' id='word_1_170' title='bbox 1019 2419 1204 2501; x_wconf 84' lang='lat' dir='ltr'>vagientis:</span> 
     </span>
     <span class='ocr_line' id='line_1_24' title="bbox 141 2486 1147 2573; baseline 0.002 -19"><span class='ocrx_word' id='word_1_171' title='bbox 141 2494 192 2555; x_wconf 85' lang='lat' dir='ltr'>lta</span> <span class='ocrx_word' id='word_1_172' title='bbox 214 2491 376 2570; x_wconf 88' lang='lat' dir='ltr'>conripuit</span> <span class='ocrx_word' id='word_1_173' title='bbox 397 2486 568 2568; x_wconf 74' lang='lat' dir='ltr'>derepente</span> <span class='ocrx_word' id='word_1_174' title='bbox 588 2491 706 2549; x_wconf 84' lang='lat' dir='ltr'>tacitus</span> <span class='ocrx_word' id='word_1_175' title='bbox 726 2508 793 2550; x_wconf 88' lang='lat' dir='ltr'>sese</span> <span class='ocrx_word' id='word_1_176' title='bbox 813 2488 855 2550; x_wconf 81' lang='lat' dir='ltr'>ed</span> <span class='ocrx_word' id='word_1_177' title='bbox 874 2489 993 2573; x_wconf 51' lang='lat' dir='ltr'>filiam,</span> <span class='ocrx_word' id='word_1_178' title='bbox 1044 2513 1107 2564; x_wconf 64' lang='lat' dir='ltr'>rt.</span> <span class='ocrx_word' id='word_1_179' title='bbox 1119 2523 1147 2567; x_wconf 77' lang='lat' dir='ltr'>c,</span> 
     </span>
    </p>

    <p class='ocr_par' dir='ltr' id='par_1_17' title="bbox 144 2571 1221 2657">
     <span class='ocr_line' id='line_1_25' title="bbox 144 2571 1221 2657; baseline 0.008 -23"><span class='ocrx_word' id='word_1_180' title='bbox 144 2575 273 2657; x_wconf 87' lang='lat' dir='ltr'>Quodsi</span> <span class='ocrx_word' id='word_1_181' title='bbox 280 2573 406 2633; x_wconf 90' lang='lat' dir='ltr'>recierit</span> <span class='ocrx_word' id='word_1_182' title='bbox 414 2573 583 2652; x_wconf 88' lang='lat' dir='ltr'>peperisse,</span> <span class='ocrx_word' id='word_1_183' title='bbox 598 2571 634 2631; x_wconf 92' lang='lat' dir='ltr'>id</span> <span class='ocrx_word' id='word_1_184' title='bbox 643 2590 704 2650; x_wconf 91' lang='lat' dir='ltr'>qua</span> <span class='ocrx_word' id='word_1_185' title='bbox 712 2586 807 2633; x_wconf 82' lang='lat' dir='ltr'>cause</span> <span class='ocrx_word' id='word_1_186' title='bbox 821 2572 908 2634; x_wconf 89' lang='lat' dir='ltr'>clam</span> <span class='ocrx_word' id='word_1_187' title='bbox 921 2593 974 2635; x_wconf 90' lang='lat' dir='ltr'>me</span> <span class='ocrx_word' id='word_1_188' title='bbox 988 2579 1151 2651; x_wconf 70' lang='lat' dir='ltr'>habuisse</span> <span class='ocrx_word' id='word_1_189' title='bbox 1174 2600 1221 2653; x_wconf 66' lang='lat' dir='ltr'>tr</span> 
     </span>
    </p>

    <p class='ocr_par' dir='ltr' id='par_1_18' title="bbox 141 2655 1220 2736">
     <span class='ocr_line' id='line_1_26' title="bbox 141 2655 1220 2736; baseline 0.006 -17"><span class='ocrx_word' id='word_1_190' title='bbox 141 2658 280 2727; x_wconf 78' lang='lat' dir='ltr'>Dicam,</span> <span class='ocrx_word' id='word_1_191' title='bbox 301 2673 370 2714; x_wconf 90' lang='lat' dir='ltr'>uon</span> <span class='ocrx_word' id='word_1_192' title='bbox 392 2655 506 2733; x_wconf 87' lang='lat' dir='ltr'>edepol</span> <span class='ocrx_word' id='word_1_193' title='bbox 527 2655 601 2715; x_wconf 88' lang='lat' dir='ltr'>scio.</span> <span class='ocrx_word' id='word_1_194' title='bbox 989 2673 1024 2736; x_wconf 46' lang='lat' dir='ltr'>t.‚</span> <span class='ocrx_word' id='word_1_195' title='bbox 1039 2664 1074 2729; x_wconf 70' lang='lat' dir='ltr'>si</span> <span class='ocrx_word' id='word_1_196' title='bbox 1092 2687 1122 2733; x_wconf 83' lang='lat' dir='ltr'>c,</span> <span class='ocrx_word' id='word_1_197' title='bbox 1204 2679 1220 2735; x_wconf 82' lang='lat'><em>5</em></span> 
     </span>
    </p>

    <p class='ocr_par' dir='ltr' id='par_1_19' title="bbox 141 2736 1221 2895">
     <span class='ocr_line' id='line_1_27' title="bbox 141 2736 1221 2825; baseline 0.006 -21"><span class='ocrx_word' id='word_1_198' title='bbox 141 2740 207 2804; x_wconf 87' lang='lat' dir='ltr'>Sed</span> <span class='ocrx_word' id='word_1_199' title='bbox 228 2741 347 2803; x_wconf 89' lang='lat' dir='ltr'>ostium</span> <span class='ocrx_word' id='word_1_200' title='bbox 367 2739 572 2818; x_wconf 85' lang='lat' dir='ltr'>concrepuit:</span> <span class='ocrx_word' id='word_1_201' title='bbox 595 2736 689 2798; x_wconf 91' lang='lat' dir='ltr'>credo</span> <span class='ocrx_word' id='word_1_202' title='bbox 711 2739 817 2819; x_wconf 88' lang='lat' dir='ltr'>ipsum</span> <span class='ocrx_word' id='word_1_203' title='bbox 833 2739 924 2822; x_wconf 83' lang='lat' dir='ltr'>exire</span> <span class='ocrx_word' id='word_1_204' title='bbox 939 2741 987 2825; x_wconf 81' lang='lat' dir='ltr'>ud</span> <span class='ocrx_word' id='word_1_205' title='bbox 999 2764 1073 2812; x_wconf 83' lang='lat' dir='ltr'>me.</span> <span class='ocrx_word' id='word_1_206' title='bbox 1120 2750 1221 2817; x_wconf 83' lang='lat' dir='ltr'>Nulls</span> 
     </span>
     <span class='ocr_line' id='line_1_28' title="bbox 367 2823 1130 2895; baseline 0.008 -18"><span class='ocrx_word' id='word_1_207' title='bbox 367 2884 369 2889; x_wconf 26' lang='lat'><strong><em>¹</em></strong></span> <span class='ocrx_word' id='word_1_208' title='bbox 663 2823 753 2882; x_wconf 81' lang='lat' dir='ltr'>sum!</span> <span class='ocrx_word' id='word_1_209' title='bbox 1063 2832 1130 2895; x_wconf 78' lang='lat' dir='ltr'>i,t</span> 
     </span>
    </p>

    <p class='ocr_par' dir='ltr' id='par_1_20' title="bbox 139 2880 1266 2982">
     <span class='ocr_line' id='line_1_29' title="bbox 139 2880 1266 2982; baseline 0.015 -15"><span class='ocrx_word' id='word_1_210' title='bbox 139 2912 177 2972; x_wconf 89' lang='lat' dir='ltr'>P.</span> <span class='ocrx_word' id='word_1_211' title='bbox 198 2905 290 2968; x_wconf 82' lang='lat' dir='ltr'>Uxor</span> <span class='ocrx_word' id='word_1_212' title='bbox 310 2903 369 2963; x_wconf 90' lang='lat' dir='ltr'>ubi</span> <span class='ocrx_word' id='word_1_213' title='bbox 389 2923 443 2964; x_wconf 87' lang='lat' dir='ltr'>me</span> <span class='ocrx_word' id='word_1_214' title='bbox 465 2900 505 2961; x_wconf 87' lang='lat' dir='ltr'>ad</span> <span class='ocrx_word' id='word_1_215' title='bbox 526 2899 629 2964; x_wconf 83' lang='lat' dir='ltr'>filiam</span> <span class='ocrx_word' id='word_1_216' title='bbox 640 2904 689 2971; x_wconf 85' lang='lat' dir='ltr'>ire</span> <span class='ocrx_word' id='word_1_217' title='bbox 706 2904 822 2966; x_wconf 76' lang='lat' dir='ltr'>sensit:</span> <span class='ocrx_word' id='word_1_218' title='bbox 844 2925 876 2965; x_wconf 89' lang='lat' dir='ltr'>se</span> <span class='ocrx_word' id='word_1_219' title='bbox 893 2902 989 2969; x_wconf 87' lang='lat' dir='ltr'>duxit</span> <span class='ocrx_word' id='word_1_220' title='bbox 1005 2907 1110 2979; x_wconf 86' lang='lat' dir='ltr'>foras.</span> <span class='ocrx_word' id='word_1_221' title='bbox 1130 2880 1219 2982; x_wconf 55' lang='lat' dir='ltr'>¹t.t.c.</span> <span class='ocrx_word' id='word_1_222' title='bbox 1261 2912 1266 2933; x_wconf 86' lang='lat'>&#39;</span> 
     </span>
    </p>

    <p class='ocr_par' dir='ltr' id='par_1_21' title="bbox 138 2983 1222 3079">
     <span class='ocr_line' id='line_1_30' title="bbox 138 2983 1222 3079; baseline 0.011 -30"><span class='ocrx_word' id='word_1_223' title='bbox 138 2994 246 3079; x_wconf 79' lang='lat' dir='ltr'>Atqqe</span> <span class='ocrx_word' id='word_1_224' title='bbox 279 3005 389 3050; x_wconf 80' lang='lat' dir='ltr'>eccum</span> <span class='ocrx_word' id='word_1_225' title='bbox 416 2983 521 3048; x_wconf 80' lang='lat' dir='ltr'>video.</span> <span class='ocrx_word' id='word_1_226' title='bbox 567 2985 655 3065; x_wconf 87' lang='lat' dir='ltr'>Quid</span> <span class='ocrx_word' id='word_1_227' title='bbox 686 2986 748 3056; x_wconf 88' lang='lat' dir='ltr'>ais,</span> <span class='ocrx_word' id='word_1_228' title='bbox 780 2984 975 3067; x_wconf 68' lang='lat' dir='ltr'>Myrrhina?</span> <span class='ocrx_word' id='word_1_229' title='bbox 1009 2991 1132 3073; x_wconf 86' lang='lat' dir='ltr'>Heus,</span> <span class='ocrx_word' id='word_1_230' title='bbox 1161 3002 1222 3067; x_wconf 89' lang='lat' dir='ltr'>tibi</span> 
     </span>
    </p>

    <p class='ocr_par' dir='ltr' id='par_1_22' title="bbox 658 3065 1218 3149">
     <span class='ocr_line' id='line_1_31' title="bbox 658 3065 1218 3149; baseline 0.036 -20"><span class='ocrx_word' id='word_1_231' title='bbox 658 3066 748 3133; x_wconf 81' lang='lat' dir='ltr'>dico!</span> <span class='ocrx_word' id='word_1_232' title='bbox 769 3065 817 3133; x_wconf 88' lang='lat' dir='ltr'>M.</span> <span class='ocrx_word' id='word_1_233' title='bbox 827 3067 1024 3146; x_wconf 82' lang='lat' dir='ltr'>Mihine,mi</span> <span class='ocrx_word' id='word_1_234' title='bbox 1034 3076 1111 3146; x_wconf 70' lang='lat' dir='ltr'>viri</span> <span class='ocrx_word' id='word_1_235' title='bbox 1127 3085 1218 3149; x_wconf 60' lang='grc' dir='ltr'>ἰτὼ.</span> 
     </span>
    </p>
   </div>
   <div class='ocr_carea' id='block_1_6' title="bbox 67 3238 1216 3700">
    <p class='ocr_par' dir='ltr' id='par_1_23' title="bbox 110 3238 1216 3321">
     <span class='ocr_line' id='line_1_32' title="bbox 110 3238 1216 3321; baseline 0.026 -35"><span class='ocrx_word' id='word_1_236' title='bbox 110 3276 113 3286; x_wconf 94' lang='grc'><em>,</em></span> <span class='ocrx_word' id='word_1_237' title='bbox 192 3265 246 3321; x_wconf 81' lang='lat'>·5⁰·</span> <span class='ocrx_word' id='word_1_238' title='bbox 264 3251 310 3301; x_wconf 78' lang='lat' dir='ltr'>Its</span> <span class='ocrx_word' id='word_1_239' title='bbox 325 3241 420 3298; x_wconf 87' lang='lat' dir='ltr'>Bentl.</span> <span class='ocrx_word' id='word_1_240' title='bbox 438 3238 598 3297; x_wconf 84' lang='lat' dir='ltr'>secundum</span> <span class='ocrx_word' id='word_1_241' title='bbox 616 3240 786 3296; x_wconf 84' lang='lat' dir='ltr'>duosootid.</span> <span class='ocrx_word' id='word_1_242' title='bbox 815 3247 863 3298; x_wconf 83' lang='lat' dir='ltr'>V.:</span> <span class='ocrx_word' id='word_1_243' title='bbox 888 3247 945 3300; x_wconf 75' lang='lat' dir='ltr'>Its</span> <span class='ocrx_word' id='word_1_244' title='bbox 967 3256 1124 3309; x_wconf 80' lang='lat' dir='ltr'>nuueis</span> <span class='ocrx_word' id='word_1_245' title='bbox 1141 3260 1216 3314; x_wconf 85' lang='lat' dir='ltr'>sibi</span> 
     </span>
    </p>

    <p class='ocr_par' dir='ltr' id='par_1_24' title="bbox 67 3308 1213 3700">
     <span class='ocr_line' id='line_1_33' title="bbox 67 3308 1212 3388; baseline 0.048 -61"><span class='ocrx_word' id='word_1_246' title='bbox 67 3308 72 3327; x_wconf 85' lang='lat' dir='ltr'>t</span> <span class='ocrx_word' id='word_1_247' title='bbox 136 3336 229 3377; x_wconf 41' lang='lat' dir='ltr'>mu·</span> <span class='ocrx_word' id='word_1_248' title='bbox 248 3318 298 3388; x_wconf 74' lang='lat' dir='ltr'>p?</span> <span class='ocrx_word' id='word_1_249' title='bbox 322 3313 540 3365; x_wconf 59' lang='lat' dir='ltr'>popffltan‘?</span> <span class='ocrx_word' id='word_1_250' title='bbox 558 3311 907 3382; x_wconf 76' lang='lat' dir='ltr'>numiss.mes.p.i</span> <span class='ocrx_word' id='word_1_251' title='bbox 940 3315 1051 3380; x_wconf 53' lang='lat' dir='ltr'>5528io</span> <span class='ocrx_word' id='word_1_252' title='bbox 1071 3323 1097 3374; x_wconf 81' lang='lat' dir='ltr'>A</span> <span class='ocrx_word' id='word_1_253' title='bbox 1115 3324 1212 3380; x_wconf 75' lang='lat' dir='ltr'>neret</span> 
     </span>
     <span class='ocr_line' id='line_1_34' title="bbox 135 3376 1212 3458; baseline 0.026 -39"><span class='ocrx_word' id='word_1_254' title='bbox 135 3401 167 3443; x_wconf 58' lang='lat' dir='ltr'>eq</span> <span class='ocrx_word' id='word_1_255' title='bbox 189 3388 284 3458; x_wconf 61' lang='lat' dir='ltr'>plures</span> <span class='ocrx_word' id='word_1_256' title='bbox 309 3379 502 3456; x_wconf 69' lang='lat' dir='ltr'>melioresque</span> <span class='ocrx_word' id='word_1_257' title='bbox 524 3376 612 3441; x_wconf 89' lang='lat' dir='ltr'>libri,</span> <span class='ocrx_word' id='word_1_258' title='bbox 636 3391 707 3444; x_wconf 90' lang='lat' dir='ltr'>quos</span> <span class='ocrx_word' id='word_1_259' title='bbox 731 3377 860 3448; x_wconf 87' lang='lat' dir='ltr'>sequitur</span> <span class='ocrx_word' id='word_1_260' title='bbox 876 3381 971 3434; x_wconf 87' lang='lat' dir='ltr'>Bentl.</span> <span class='ocrx_word' id='word_1_261' title='bbox 1001 3385 1052 3439; x_wconf 57' lang='lat' dir='ltr'>Va</span> <span class='ocrx_word' id='word_1_262' title='bbox 1076 3389 1212 3451; x_wconf 79' lang='lat' dir='ltr'>Deesd.</span> 
     </span>
     <span class='ocr_line' id='line_1_35' title="bbox 134 3442 1212 3522; baseline 0.039 -47"><span class='ocrx_word' id='word_1_263' title='bbox 134 3459 210 3522; x_wconf 57' lang='lat' dir='ltr'>iam</span> <span class='ocrx_word' id='word_1_264' title='bbox 226 3455 284 3504; x_wconf 62' lang='lat' dir='ltr'>ira</span> <span class='ocrx_word' id='word_1_265' title='bbox 300 3450 399 3509; x_wconf 51' lang='lat' dir='ltr'>haec,</span> <span class='ocrx_word' id='word_1_266' title='bbox 435 3452 475 3509; x_wconf 81' lang='lat' dir='ltr'>5b,</span> <span class='ocrx_word' id='word_1_267' title='bbox 492 3446 615 3510; x_wconf 81' lang='lat' dir='ltr'>Legitur</span> <span class='ocrx_word' id='word_1_268' title='bbox 631 3442 714 3495; x_wconf 92' lang='lat' dir='ltr'>nullo</span> <span class='ocrx_word' id='word_1_269' title='bbox 726 3461 861 3501; x_wconf 79' lang='lat' dir='ltr'>numeror</span> <span class='ocrx_word' id='word_1_270' title='bbox 880 3448 915 3518; x_wconf 82' lang='lat' dir='ltr'>Q·</span> <span class='ocrx_word' id='word_1_271' title='bbox 932 3449 1142 3517; x_wconf 79' lang='lat' dir='ltr'>paululum</span> <span class='ocrx_word' id='word_1_272' title='bbox 1160 3475 1212 3511; x_wconf 77' lang='lat' dir='ltr'>to·</span> 
     </span>
     <span class='ocr_line' id='line_1_36' title="bbox 131 3508 1213 3590; baseline 0.008 -20"><span class='ocrx_word' id='word_1_273' title='bbox 131 3523 186 3575; x_wconf 90' lang='lat' dir='ltr'>bis</span> <span class='ocrx_word' id='word_1_274' title='bbox 208 3517 367 3571; x_wconf 82' lang='lat' dir='ltr'>accessit</span> <span class='ocrx_word' id='word_1_275' title='bbox 389 3528 461 3580; x_wconf 91' lang='lat' dir='ltr'>pec.</span> <span class='ocrx_word' id='word_1_276' title='bbox 496 3508 587 3562; x_wconf 84' lang='lat' dir='ltr'>Peulo</span> <span class='ocrx_word' id='word_1_277' title='bbox 610 3510 716 3561; x_wconf 88' lang='lat' dir='ltr'>melius</span> <span class='ocrx_word' id='word_1_278' title='bbox 732 3511 827 3563; x_wconf 88' lang='lat' dir='ltr'>Bentl.</span> <span class='ocrx_word' id='word_1_279' title='bbox 850 3514 1010 3568; x_wconf 86' lang='lat' dir='ltr'>secundum</span> <span class='ocrx_word' id='word_1_280' title='bbox 1032 3516 1157 3590; x_wconf 88' lang='lat' dir='ltr'>aliquot</span> <span class='ocrx_word' id='word_1_281' title='bbox 1179 3526 1213 3578; x_wconf 83' lang='lat' dir='ltr'>ti.</span> 
     </span>
     <span class='ocr_line' id='line_1_37' title="bbox 130 3576 1212 3700; baseline 0.005 -58"><span class='ocrx_word' id='word_1_282' title='bbox 130 3584 214 3651; x_wconf 80' lang='lat' dir='ltr'>bros,</span> <span class='ocrx_word' id='word_1_283' title='bbox 238 3584 412 3654; x_wconf 88' lang='lat' dir='ltr'>quibuscum</span> <span class='ocrx_word' id='word_1_284' title='bbox 435 3578 548 3629; x_wconf 84' lang='lat' dir='ltr'>fuciunt</span> <span class='ocrx_word' id='word_1_285' title='bbox 570 3578 593 3628; x_wconf 93' lang='lat' dir='ltr'>B</span> <span class='ocrx_word' id='word_1_286' title='bbox 616 3584 647 3629; x_wconf 85' lang='lat' dir='ltr'>et</span> <span class='ocrx_word' id='word_1_287' title='bbox 668 3576 827 3634; x_wconf 80' lang='lat' dir='ltr'>CBeroll.:</span> <span class='ocrx_word' id='word_1_288' title='bbox 854 3580 1016 3700; x_wconf 80' lang='lat' dir='ltr'>paulurn.</span> <span class='ocrx_word' id='word_1_289' title='bbox 1054 3585 1113 3641; x_wconf 83' lang='lat' dir='ltr'>Sed</span> <span class='ocrx_word' id='word_1_290' title='bbox 1130 3591 1212 3645; x_wconf 78' lang='lat' dir='ltr'>haud</span> 
     </span>
    </p>
   </div>
   <div class='ocr_carea' id='block_1_7' title="bbox 131 3641 1210 3832">
    <p class='ocr_par' dir='ltr' id='par_1_25' title="bbox 131 3641 1210 3832">
     <span class='ocr_line' id='line_1_38' title="bbox 131 3641 1210 3761; baseline -0.005 -52"><span class='ocrx_word' id='word_1_291' title='bbox 131 3656 220 3708; x_wconf 88' lang='lat' dir='ltr'>dubie</span> <span class='ocrx_word' id='word_1_292' title='bbox 238 3650 395 3718; x_wconf 85' lang='lat' dir='ltr'>legendum</span> <span class='ocrx_word' id='word_1_293' title='bbox 412 3641 850 3761; x_wconf 55' lang='lat' dir='ltr'>esthuiucessitr.dprsu</span> <span class='ocrx_word' id='word_1_294' title='bbox 877 3646 1072 3727; x_wconf 70' lang='lat' dir='ltr'>qlumpec.</span> <span class='ocrx_word' id='word_1_295' title='bbox 1101 3657 1210 3728; x_wconf 61' lang='lat' dir='ltr'>Quia.</span> 
     </span>
     <span class='ocr_line' id='line_1_39' title="bbox 131 3712 1210 3832; baseline 0.002 -56"><span class='ocrx_word' id='word_1_296' title='bbox 131 3721 244 3776; x_wconf 77' lang='lat' dir='ltr'>cessit</span> <span class='ocrx_word' id='word_1_297' title='bbox 261 3720 448 3785; x_wconf 78' lang='lat' dir='ltr'>degeneravit</span> <span class='ocrx_word' id='word_1_298' title='bbox 464 3729 494 3762; x_wconf 84' lang='lat' dir='ltr'>tn</span> <span class='ocrx_word' id='word_1_299' title='bbox 512 3718 753 3779; x_wconf 83' lang='lat' dir='ltr'>qureacessrt,</span> <span class='ocrx_word' id='word_1_300' title='bbox 791 3712 873 3766; x_wconf 88' lang='lat' dir='ltr'>etntle</span> <span class='ocrx_word' id='word_1_301' title='bbox 887 3730 919 3766; x_wconf 86' lang='lat' dir='ltr'>ru</span> <span class='ocrx_word' id='word_1_302' title='bbox 935 3726 1210 3832; x_wconf 70' lang='lat' dir='ltr'>pureuooessit,</span> 
     </span>
    </p>
   </div>
   <div class='ocr_carea' id='block_1_8' title="bbox 130 3779 1210 3859">
    <p class='ocr_par' dir='ltr' id='par_1_26' title="bbox 130 3779 1210 3859">
     <span class='ocr_line' id='line_1_40' title="bbox 130 3779 1210 3859; baseline -0.003 -19"><span class='ocrx_word' id='word_1_303' title='bbox 130 3805 187 3859; x_wconf 89' lang='lat' dir='ltr'>quo</span> <span class='ocrx_word' id='word_1_304' title='bbox 202 3788 277 3839; x_wconf 83' lang='lat' dir='ltr'>iacto</span> <span class='ocrx_word' id='word_1_305' title='bbox 295 3780 469 3849; x_wconf 83' lang='lat' dir='ltr'>transposita</span> <span class='ocrx_word' id='word_1_306' title='bbox 486 3779 573 3830; x_wconf 87' lang='lat' dir='ltr'>verba</span> <span class='ocrx_word' id='word_1_307' title='bbox 588 3787 656 3829; x_wconf 87' lang='lat' dir='ltr'>suut</span> <span class='ocrx_word' id='word_1_308' title='bbox 671 3794 690 3830; x_wconf 83' lang='lat' dir='ltr'>a</span> <span class='ocrx_word' id='word_1_309' title='bbox 705 3779 843 3831; x_wconf 86' lang='lat' dir='ltr'>metricis.</span> <span class='ocrx_word' id='word_1_310' title='bbox 876 3794 918 3848; x_wconf 79' lang='lat'>59.</span> <span class='ocrx_word' id='word_1_311' title='bbox 950 3783 1210 3847; x_wconf 68' lang='lat' dir='ltr'>sanemunsnu</span> 
     </span>
    </p>
   </div>
   <div class='ocr_carea' id='block_1_9' title="bbox 128 3849 1208 3981">
    <p class='ocr_par' dir='ltr' id='par_1_27' title="bbox 128 3849 1208 3981">
     <span class='ocr_line' id='line_1_41' title="bbox 128 3849 443 3914; baseline -0.016 -13"><span class='ocrx_word' id='word_1_312' title='bbox 128 3860 179 3912; x_wconf 71' lang='lat' dir='ltr'>V.3</span> <span class='ocrx_word' id='word_1_313' title='bbox 194 3872 265 3906; x_wconf 87' lang='lat' dir='ltr'>non</span> <span class='ocrx_word' id='word_1_314' title='bbox 283 3852 345 3914; x_wconf 88' lang='lat' dir='ltr'>sit,</span> <span class='ocrx_word' id='word_1_315' title='bbox 364 3849 443 3899; x_wconf 83' lang='lat' dir='ltr'>siet.</span> 
     </span>
     <span class='ocr_line' id='line_1_42' title="bbox 195 3908 1208 3981; baseline -0.001 -9"><span class='ocrx_word' id='word_1_316' title='bbox 195 3926 228 3972; x_wconf 85' lang='grc' dir='ltr'>Λ.</span> <span class='ocrx_word' id='word_1_317' title='bbox 245 3921 293 3972; x_wconf 87' lang='grc' dir='ltr'>ΠΙ.</span> <span class='ocrx_word' id='word_1_318' title='bbox 312 3916 365 3968; x_wconf 82' lang='lat' dir='ltr'>SC.</span> <span class='ocrx_word' id='word_1_319' title='bbox 382 3913 462 3979; x_wconf 86' lang='lat' dir='ltr'>VIII,</span> <span class='ocrx_word' id='word_1_320' title='bbox 489 3912 514 3965; x_wconf 82' lang='lat'>6.</span> <span class='ocrx_word' id='word_1_321' title='bbox 532 3908 578 3962; x_wconf 86' lang='lat' dir='ltr'>Sic</span> <span class='ocrx_word' id='word_1_322' title='bbox 595 3910 771 3980; x_wconf 87' lang='lat' dir='ltr'>probatiores</span> <span class='ocrx_word' id='word_1_323' title='bbox 787 3912 872 3979; x_wconf 87' lang='lat' dir='ltr'>libri,</span> <span class='ocrx_word' id='word_1_324' title='bbox 897 3913 940 3979; x_wconf 44' lang='lat' dir='ltr'>irs,</span> <span class='ocrx_word' id='word_1_325' title='bbox 953 3914 999 3967; x_wconf 88' lang='lat' dir='ltr'>his</span> <span class='ocrx_word' id='word_1_326' title='bbox 1016 3918 1040 3970; x_wconf 77' lang='lat' dir='ltr'><strong>A</strong></span> <span class='ocrx_word' id='word_1_327' title='bbox 1062 3930 1093 3975; x_wconf 90' lang='lat' dir='ltr'>et</span> <span class='ocrx_word' id='word_1_328' title='bbox 1108 3924 1136 3977; x_wconf 88' lang='lat' dir='ltr'><strong>B</strong></span> <span class='ocrx_word' id='word_1_329' title='bbox 1153 3927 1208 3981; x_wconf 70' lang='lat' dir='ltr'>Be.</span> 
     </span>
    </p>
   </div>
   <div class='ocr_carea' id='block_1_10' title="bbox 127 3978 1206 4120">
    <p class='ocr_par' dir='ltr' id='par_1_28' title="bbox 127 3978 1206 4120">
     <span class='ocr_line' id='line_1_43' title="bbox 127 3978 1206 4063; baseline -0.03 -21"><span class='ocrx_word' id='word_1_330' title='bbox 127 3986 197 4043; x_wconf 83' lang='lat' dir='ltr'>roll.</span> <span class='ocrx_word' id='word_1_331' title='bbox 220 3984 328 4038; x_wconf 82' lang='lat' dir='ltr'>V.:ad</span> <span class='ocrx_word' id='word_1_332' title='bbox 345 3997 465 4035; x_wconf 81' lang='lat' dir='ltr'>mser.</span> <span class='ocrx_word' id='word_1_333' title='bbox 500 3978 958 4059; x_wconf 70' lang='lat' dir='ltr'>7.Bentl.eduxi‚ut5‚5,4‚</span> <span class='ocrx_word' id='word_1_334' title='bbox 993 3986 1206 4063; x_wconf 39' lang='lat' dir='ltr'>{qq-agis?</span> 
     </span>
     <span class='ocr_line' id='line_1_44' title="bbox 127 4045 1042 4120; baseline -0.024 -6"><span class='ocrx_word' id='word_1_335' title='bbox 127 4048 288 4113; x_wconf 65' lang='lat' dir='ltr'>noluerat</span> <span class='ocrx_word' id='word_1_336' title='bbox 301 4049 380 4108; x_wconf 81' lang='lat' dir='ltr'>Frib.</span> <span class='ocrx_word' id='word_1_337' title='bbox 413 4047 459 4103; x_wconf 87' lang='lat' dir='ltr'>De</span> <span class='ocrx_word' id='word_1_338' title='bbox 478 4055 574 4103; x_wconf 83' lang='lat' dir='ltr'>metro</span> <span class='ocrx_word' id='word_1_339' title='bbox 590 4045 648 4100; x_wconf 80' lang='lat' dir='ltr'>ud</span> <span class='ocrx_word' id='word_1_340' title='bbox 664 4054 732 4107; x_wconf 79' lang='lat' dir='ltr'>not,</span> <span class='ocrx_word' id='word_1_341' title='bbox 743 4045 780 4099; x_wconf 81' lang='lat' dir='ltr'>ud</span> <span class='ocrx_word' id='word_1_342' title='bbox 795 4048 899 4103; x_wconf 77' lang='lat' dir='ltr'>Heaut.</span> <span class='ocrx_word' id='word_1_343' title='bbox 916 4063 950 4119; x_wconf 69' lang='lat'>5,</span> <span class='ocrx_word' id='word_1_344' title='bbox 964 4064 999 4120; x_wconf 63' lang='grc' dir='ltr'>ὅ,</span> <span class='ocrx_word' id='word_1_345' title='bbox 1018 4066 1042 4104; x_wconf 73' lang='lat'>1,</span> 
     </span>
    </p>
   </div>
   <div class='ocr_carea' id='block_1_11' title="bbox 0 0 1306 4536">
    <p class='ocr_par' dir='ltr' id='par_1_29' title="bbox 0 0 1306 4536">
     <span class='ocr_line' id='line_1_45' title="bbox 0 0 1306 4536; baseline 0 5"><span class='ocrx_word' id='word_1_346' title='bbox 0 0 1306 4536; x_wconf 95' lang='lat' dir='ltr'> </span> 
     </span>
    </p>
   </div>
  </div>
 </body>
</html>
