2602 4536
193 216 239 344 32
566 243 604 312 P.
639 242 877 314 rrururrr

192 429 288 511 Quod
308 430 335 490 si
355 428 415 490 fit:
438 440 532 503 pereo
552 418 721 487 funditus!
906 472 912 485 .
978 462 982 467 -
1004 434 1013 469 ·'
1098 432 1121 492 i.
1143 431 1173 491 d.

92 530 96 535 ·
157 514 160 529 ²
192 514 312 574 Adeon’
324 511 494 571 hominem
510 529 575 570 esse
587 512 794 579 invenustum
809 523 866 571 aut
879 508 1046 573 infelicem
1062 531 1260 599 quenquam,

676 622 679 629 ¹
710 608 749 653 ut
769 613 830 675 ego
852 596 945 655 sum?
1066 609 1089 658 t.
1112 609 1134 656 t.
1221 598 1263 659 10

191 678 276 743 Proh
295 680 395 738 deum
416 688 511 754 atque
531 673 703 743 hominum
725 676 841 737 fidem!
1045 690 1069 739 t.
1091 679 1122 740 d.
1145 698 1174 741 c.

190 758 1180 842 Nullon'egoChremetispactoadfinitatemelingem-epotato,
1200 776 1225 825 t.
1235 777 1274 825 t..

192 842 1259 926 Quotmodis-contemtusspretusl·Facta‚transacta,omnia.t.t.c.

189 931 293 999 Hem,
320 924 508 1007 repudiatus
528 916 672 1003 repetor!
714 922 950 1003 Quamobrem,
978 928 1042 987 nisi
1075 929 1101 987 si
1128 928 1165 987 id
1195 943 1257 1003 est,

178 1056 181 1062 .
675 1032 680 1041 ·
709 1007 974 1087 quod-suspicort
1104 1012 1126 1071 i.
1148 1023 1173 1073 t.

188 1093 322 1173 Aliquid
333 1088 473 1165 monstri
486 1086 598 1160 olunt3
623 1108 660 1149 ea
676 1092 830 1171 quoniam
845 1093 977 1179 nemini·
990 1092 1122 1155 obtrudi
1139 1107 1258 1175 potest,

959 1184 962 1189 '
1008 1188 1033 1239 t.
1058 1189 1133 1251 t.‚c.
1217 1178 1259 1241 15

188 1262 258 1335 Itur
268 1258 307 1318 ad
320 1275 385 1321 me.
409 1251 474 1333 (Μ.
490 1252 691 1316 Oratiohaec
701 1275 755 1317 me
764 1257 1126 1319 miserumexanimavit
1140 1260 1258 1336 metu.)

186 1349 223 1407 P.
245 1344 333 1405 Nam
354 1338 513 1421 quidego
535 1338 640 1400 dicam
661 1338 701 1397 do
722 1336 833 1418 patre?
860 1338 921 1410 ah,
1044 1354 1068 1402 t.
1089 1342 1172 1421 dfe.

105 1417 108 1423 ’
186 1428 368 1486 Tantamne
376 1434 522 1482 remtam
530 1418 740 1501 neglegenter
749 1422 865 1501 agere?
880 1421 1185 1486 Praeteriensmodo
1198 1414 1256 1487 it.

187 1507 274 1570 Mihi
292 1505 377 1588 apud
390 1505 508 1575 forum,
530 1501 621 1562 Uxor
632 1500 694 1563 tibi
709 1502 857 1562 ducenda
872 1517 930 1576 est,
946 1506 1129 1586 Pamphile,
1143 1506 1255 1583 hodie,

704 1585 830 1664 inquit:
851 1604 948 1666 para;

184 1674 247 1736 Abi
268 1673 413 1733 domum.
467 1664 507 1727 Id
526 1662 612 1728 mihi
637 1667 737 1811 risupt
757 1668 866 1729 dicere
895 1668 958 1729 Abi
979 1674 1042 1733 cito
1064 1691 1101 1731 ac
1122 1690 1254 1752 suspen*
1277 1696 1281 1711 ·

413 1816 416 1821 Ι
724 1756 815 1811 ete!
912 1788 917 1803 ι
1212 1756 1256 1817 90

185 1838 345 1917 Obstipui.
388 1830 523 1895 Censen’
546 1831 654 1895 ullum
671 1854 725 1895 me
746 1835 884 1897 verbum
904 1832 1045 1916 potuisse
1064 1838 1224 1919 proloqui,

176 1930 250 1984 ‘Aut
277 1912 380 1979 ullam
408 1936 552 1993 causam,
586 1921 732 1992 ineptam
758 1919 892 1991 saltem,
918 1914 1048 1990 falsam,
1075 1914 1253 2001 iniquam?

116 1998 119 2005 ’
247 1998 251 2005 ’
319 2060 327 2077 .
479 2002 481 2007 ’
704 1999 876 2062 Obmutui.

179 2086 287 2171 Quod·
302 2087 330 2157 si
349 2097 410 2164 ego
431 2084 598 2144 rescissem
618 2083 653 2142 id
673 2083 781 2163 prius,
813 2082 892 2164 quid
919 2083 1082 2152 facerem?
1116 2084 1152 2147 Si
1181 2084 1253 2165 quis

645 2221 650 2229 .
701 2184 755 2226 me
776 2186 810 2226 ro
835 2179 883 2226 et:
1086 2174 1118 2186 “’

114 2300 117 2305 .
149 2244 152 2249 ’
178 2248 315 2333 Aliquid
334 2249 489 2321 facerem,
511 2262 549 2310 ut
568 2246 632 2308 hoc
652 2266 696 2308 ne
715 2188 865 2310 facertegm:
900 2246 962 2309 Sed
983 2268 1070 2310 nunc
1087 2249 1165 2330 quid
1185 2240 1270 2332 pri-¹

129 2336 131 2341 ’
374 2380 377 2385 .
409 2350 412 2355 ·
446 2350 450 2359 ’
481 2330 498 2383 '2
700 2350 794 2393 mum
816 2332 976 2410 exequor?
1067 2348 1091 2396 t.
1112 2346 1137 2395 t;
1159 2353 1187 2396 c.

180 2420 245 2481 Tot
271 2438 325 2481 me
351 2414 536 2497 impediunt
563 2433 676 2489 curae,
704 2435 785 2495 quae
811 2424 925 2476 meum
951 2416 1101 2478 animum
1122 2414 1251 2478 divorse

699 2498 853 2563 trahunt:
1209 2502 1249 2565 tt

181 2588 281 2646 Amor
300 2581 413 2656 hujus,
435 2581 673 2654 misericordia,
694 2584 885 2661 nuptiarum
907 2583 1099 2651 sollicitatio,
1181 2584 1205 2644 i.
1225 2596 1248 2644 t.

181 2669 270 2729 Tum
290 2666 387 2746 patris
408 2663 524 2744 pudor,
546 2666 602 2744 qui
622 2678 765 2726 metam
785 2665 853 2725 leni
874 2685 982 2742 passus
1004 2678 1051 2725 est
1066 2665 1174 2725 animo
1196 2686 1262 2727 us·.

404 2762 430 2799 ··.·
475 2766 480 2799 ;
720 2764 760 2805 ue
781 2747 896 2817 adhuc,
1111 2750 1114 2763 ²

183 2837 275 2915 Quae
296 2850 371 2895 meo
392 2846 521 2910 cunque
541 2765 812 2891 animolulsitum
837 2842 902 2899 est,
922 2828 1037 2890 facere.
1081 2827 1164 2892 Eine
1185 2850 1246 2915 ego

699 2925 737 2971 ut
757 2909 930 2970 advorser?
962 2912 1025 2973 Hei
1046 2914 1147 2975 mihi!

182 3000 347 3059 Incertum
361 2988 437 3069 'est,'
450 2990 527 3075 quid
548 3006 652 3075 agam.
684 2990 749 3070 (M.
762 2990 884 3065 'Misera
897 2994 1012 3061 timeo,
1033 2988 1048 3053 i'
1056 3006 1246 3079 noenu-m

672 3076 758 3137 'hoc
781 3082 934 3154 quorsum
954 3077 1083 3139 accidat.
1115 3132 1119 3139 .

181 3163 242 3225 Sed
248 3181 337 3225 nuuc
343 3166 506 3244 peroptat,
524 3157 845 3238 uuthunccumipsa,
859 3173 915 3219 aut
928 3180 983 3227 me
992 3154 1114 3241 aliquid
1128 3148 1246 3242 deipsa

541 3278 544 3283 ·
581 3242 754 3304 advorsum
763 3242 862 3314 hunc,
872 3242 971 3321 loqui.
993 3243 1139 3304 ostadi.
1148 3247 1179 3307 d.
1203 3247 1245 3308 30
1285 3274 1289 3281 ·

223 3452 285 3525 213.
302 3452 392 3513 Libet·
408 3450 507 3508 colon.
533 3464 562 3509 et
578 3449 684 3509 'Bruttii
707 3448 773 3524 (niti
791 3446 869 3524 quod
883 3446 907 3507 is
923 3452 1038 3525 quidem
1060 3460 1173 3524 poeta
1190 3458 1242 3509 lia-
1287 3470 1290 3475 ·

177 3525 244 3580 buit
259 3544 277 3578 u
293 3542 333 3582 m.
352 3528 387 3586 1.)
404 3522 480 3593 opud
496 3524 621 3576 Palmor.
638 3524 740 3593 Lamp.
755 3523 842 3574 Grut.
854 3537 879 3588 4.
892 3538 919 3591 p.
932 3534 1004 3591 737³·
1016 3532 1107 3587 octa,
1124 3524 1242 3576 trani-

176 3603 274 3658 acta,
291 3606 366 3662 quae
382 3590 455 3642 iuris
465 3590 593 3643 formula
605 3590 728 3642 solennis
739 3588 906 3660 praefertur
922 3584 1104 3643 al’almerio.
1141 3602 1181 3660 ry.
1192 3588 1240 3641 stc

176 3658 289 3731 aliquot
303 3657 401 3725 codd,
416 3657 448 3710 in
463 3656 510 3709 his
526 3655 698 3721 Hetmstad„
716 3666 745 3709 et
760 3657 905 3724 Eugroph.
929 3658 975 3709 Vs:
999 3654 1035 3705 N.
1075 3693 1081 3705 .
1099 3671 1125 3708 e.
1143 3672 1240 3709 nttuc

116 3744 147 3761 1‘
177 3725 369 3795 dic.1dep.l
404 3725 506 3775 ou-ltu
523 3724 630 3791 Guyeti
647 3723 728 3777 codd.
744 3721 950 3798 antiquissimi
977 3720 1023 3773 cf.
1040 3671 1133 3777 Pluut.
1151 3726 1238 3775 Poen.

96 3834 99 3841 .
179 3812 202 3858 i,
220 3809 245 3857 o,
262 3794 305 3861 96.
348 3790 741 3861 25.Si1tubictupotitum
756 3805 815 3841 non
830 3788 973 3857 liquescit.
1013 3801 1053 3851 25.
1072 3790 1166 3841 Plio:
1190 3790 1240 3840 di-

176 3876 330 3931 uersum,
341 3878 406 3916 tion
422 3864 507 3928 uttle,
524 3856 676 3932 nisi'quod
691 3862 786 3914 murus
800 3860 899 3930 placat
914 3855 1101 3927 lisiardum.
1123 3864 1237 3922 Beutlat

175 3936 353 3993 divorsae.
399 3952 441 4004 29.
463 3936 608 3986 Posterius
629 3937 815 3993 incertum
844 3948 902 3987 nort
925 3934 1092 3988 elidendum
1116 3946 1174 4005 est,
1204 3946 1238 3991 ut

174 4002 259 4122 plene
275 4003 453 4056 exaudiatur.
487 4017 529 4068 gu.
548 4000 698 4053 Guelferb.
717 4016 747 4055 tt
766 4001 807 4053 de
823 4003 919 4071 ipsa,
937 4003 966 4055 h.
984 4020 1008 4056 e.
1022 4003 1063 4057 do
1080 4004 1159 4057 hera.
1186 4008 1234 4058 Vm

199 4071 309 4123 oilla.
344 4071 389 4123 De
406 4076 500 4124 metro
519 4067 574 4121 vid.
591 4076 650 4122 not.
668 4068 703 4120 ud
721 4083 752 4134 ι,
773 4084 802 4135 1,
820 4085 845 4120 πη
