2602 4536
41 264 80 307 v
121 291 173 365 94
461 264 537 335 eu.
567 262 809 337 autentu

120 448 198 510 Erat
214 445 286 520 hic,
306 461 403 525 quem
424 441 514 515 dico',
536 440 680 505 Rhodius
696 442 967 509 adolescentulus.

120 533 220 595 Forte
238 530 340 593 habui
360 540 525 596 scortum.
541 526 646 607 coepit
668 526 764 587 adid
784 528 937 591 adludere

119 618 162 678 Et
183 634 237 674 me
261 610 412 677 innidere.
433 610 528 687 Quid
550 611 630 694 egis,
649 606 794 688 inquam,
814 611 912 673 homo
931 613 1114 693 inpudens?
1145 612 1185 677 35

119 699 224 778 Lepus
244 709 314 757 tute
334 693 756 775 pulpamentum-quaerut
797 694 839 757 G.
859 694 911 754 Ha
930 694 972 755 he
993 694 1069 755 hae!

8 778 13 789 “
116 780 157 842 T.
182 780 280 858 Quid.
290 776 357 842 estl
400 775 436 837 C.
457 775 590 837 Facete!
607 774 729 856 lepide!
750 777 855 838 laute!
877 778 925 840 nil
946 783 1056 859 supra!

116 862 246 935 Tuum,
267 863 415 927 obsecro,
435 878 477 919 ne
496 858 560 918 boc
579 859 702 920 dictum
722 856 812 926 erata
842 863 940 941 Vetus
962 863 1093 924 credidi.

117 945 156 1008 T.
171 945 347 1006 Audieras?
377 939 419 1003 G.
435 940 545 1025 Saepe,
567 954 600 1002 et
613 941 720 1002 fertur
732 944 769 1004 in
785 945 906 1022 primis.
935 943 974 1006 T.
992 945 1108 1006 Meum
1124 962 1183 1006 est.

117 1030 158 1091 G.
179 1028 279 1089 Dolet
299 1028 402 1088 ictum
421 1025 653 1104 inprudentem
672 1026 910 1088 adolescentem
925 1041 956 1089 et
973 1026 1124 1088 liberum.
1146 1028 1187 1092 llll

116 1115 154 1174 Ρ.
176 1115 221 1173 At
237 1125 273 1171 te
294 1108 329 1168 di
349 1107 501 1188 perdant!
537 1106 772 1188 G.·Quid.ille,
794 1107 939 1189 quaeso?
970 1110 1010 1172 Τ.
1027 1111 1184 1172 Perditus.

115 1196 194 1263 Risu
214 1212 344 1263 omnes,
364 1193 420 1271 qui
438 1190 589 1262 aderant.
610 1192 755 1252 emoriri.
796 1191 948 1272 Denique

115 1276 311 1337 Metuebant
329 1292 441 1335 omnes
461 1275 526 1350 jam
547 1294 613 1335 me.
654 1271 696 1336 G.
718 1274 795 1335 Non
815 1275 943 1351 injuria.

114 1361 154 1423 T.
176 1357 239 1423 Sed
259 1357 339 1418 heus
358 1369 415 1429 tu,
437 1359 573 1439 purgon'
595 1373 656 1437 ego
676 1376 730 1416 me
750 1356 791 1417 de
810 1358 890 1418 istac
910 1354 1042 1425 Thaidi,
1109 1378 1112 1383 ·

116 1441 211 1521 Quod
232 1460 307 1503 eam
328 1460 383 1501 me
403 1458 514 1501 amare
534 1440 692 1519 suspicata
712 1442 781 1500 est?
827 1437 867 1502 G.
888 1440 946 1501 Nil
967 1442 1094 1511 minus;
1143 1438 1183 1504 tt

113 1529 184 1587 Imo
203 1544 285 1607 auge
307 1526 409 1604 magis
429 1521 657 1601 suspicionem.
700 1522 739 1584 T.
757 1520 846 1588 Curi
888 1520 928 1583 G.
950 1522 1080 1605 Rogas?

113 1610 213 1679 Scin’‚
234 1607 409 1686 siquando
429 1604 489 1665 illa
507 1607 710 1667 mentionem
730 1604 906 1669 Phaedriae

110 1692 222 1761 Fecit.
242 1704 299 1751 aut
319 1692 345 1750 ai
365 1686 500 1759 laudat,
522 1700 556 1749 te
576 1700 614 1747 ut
633 1687 721 1747 male
741 1689 838 1750 urat-l
879 1689 918 1749 T.
936 1685 1059 1750 Sentio.

114 1774 157 1837 G.
179 1773 216 1835 Id
237 1785 274 1833 ut
295 1769 430 1838 nelias,
453 1768 535 1829 haec
555 1788 606 1830 res
629 1770 696 1831 sola
719 1785 767 1833 est
787 1768 942 1834 remedio.
1054 1804 1065 1809 -

111 1857 179 1919 Ubi
197 1851 378 1916 nominabit
399 1848 612 1913 Phaedriamt
632 1865 671 1913 tu
693 1854 899 1935 Pamphilam
1009 1892 1016 1905 „
1142 1854 1184 1919 60

113 1940 290 2002 Continuo.
333 1934 367 1997 Si
386 1936 516 2016 quando
535 1932 595 1995 illa
616 1934 716 1996 dicet:
740 1936 945 1998 Phaedriam

114 2021 391 2084 Intromittamus
410 2016 643 2079 comissatum:
665 2017 870 2098 Pamphilam

110 2105 288 2165 Cantatum
315 2118 532 2180 provocemus.
574 2098 610 2160 Si
629 2100 774 2162 laudabit
793 2102 873 2163 haec

110 2186 204 2247 lilius
224 2186 384 2246 formam:
406 2198 444 2243 tu
463 2182 560 2258 hujus
580 2196 700 2243 contra.
741 2181 892 2266 Denique

109 2269 172 2330 Per
191 2288 249 2349 pro
269 2268 340 2346 pari
360 2264 498 2336 reiecto,
520 2262 605 2346 quod
626 2282 696 2326 eam
716 2260 876 2330 mordeat.
1140 2268 1180 2331 55

108 2353 147 2415 T.
168 2349 354 2429 Siquidem
375 2368 431 2410 me
451 2361 589 2409 amaret:
610 2362 684 2411 tum
705 2352 789 2410 istuc
810 2349 990 2431 prodesset,
1011 2348 1153 2411 Gnatho.

109 2436 152 2499 G.
177 2432 318 2515 Quando
338 2431 440 2504 illud,
461 2431 547 2512 quod
568 2442 605 2491 tu
626 2430 699 2504 des,
721 2447 872 2512 expectat
893 2444 990 2512 atque
1011 2448 1107 2495 emat.
1192 2450 1195 2455 ·

51 2596 54 2609 Ι
124 2538 127 2543 ’
174 2540 217 2609 36.
234 2541 279 2593 Ita
294 2539 389 2607 Bentl.
406 2534 466 2608 legi
482 2552 565 2609 posse
577 2536 673 2591 intelli
695 2538 771 2605 ebat,
790 2553 860 2592 cum
876 2539 976 2593 excudi
988 2540 1086 2606 jussit:
1105 2540 1141 2595 Ι..
1157 2550 1180 2595 t.

19 2640 23 2645 ·
109 2623 164 2674 et,
181 2617 216 2660 et
232 2605 465 2686 pulmentum
482 2604 651 2686 quaeris?
675 2551 728 2662 {ht
745 2607 779 2658 L.
797 2614 887 2673 μοι,
912 2617 947 2658 et
964 2607 1180 2689 palpamen:

103 2673 743 2863 pttttltlllttfhttinette}
756 2673 1181 2795 Ttthttltfftttt:

55 2821 57 2827 '
122 2809 266 2879 egendum
282 2816 340 2864 est:
358 2808 489 2873 Tuum5
508 2805 674 2871 obsecro,
692 2822 734 2856 ne
751 2806 818 2857 hoc
836 2806 1001 2862 dictum'l
1021 2808 1180 2862 Credidi

109 2886 223 2929 vatus.
245 2874 367 2930 velsict
384 2876 485 2939 T.,·o.,
504 2870 593 2927 hoc?
617 2870 772 2928 Credidi
790 2871 933 2925 dictum
949 2883 1065 2927 vetus.
1088 2876 1181 2929 Erat

8 2994 11 2999 .
98 2958 169 2995 ‘non
189 2941 371 3010 ineleganter
391 2938 510 3011 quidem
531 2939 660 3006 positam
676 2952 730 3008 pro
753 2947 825 3005 est,
849 2940 899 2992 sed
922 2951 1034 3009 asperat
1051 2956 1177 2995 versum.

107 3010 200 3061 Recte
215 3018 313 3061 autem
329 3011 425 3062 Bentl.
438 3007 599 3059 secundum
611 3006 758 3058 Donatum
771 3015 800 3058 et
815 3015 885 3059 vett.
899 3006 977 3059 eda:
997 3009 1123 3076 Tuum,
1140 3026 1179 3079 a,

108 3074 345 3127 malianda?
363 3072 545 3142 pertmesin.
569 3075 617 3127 V.:
640 3074 821 3140 Tuumne,
848 3074 1003 3127 obsecro
1025 3084 1075 3143 te,
1100 3068 1130 3129 h.
1149 3076 1178 3131 tl.

109 3142 156 3195 e?
177 3142 211 3192 In
228 3141 362 3193 CBerol.
379 3140 538 3193 Helmstad.
557 3138 634 3191 Ftib.
651 3142 764 3192 Ascens.
783 3148 818 3192 te
834 3156 892 3194 non
908 3143 1027 3211 legitur.
1067 3156 1110 3208 40.
1128 3146 1177 3195 V.:

108 3203 381 3261 Dolstdiotum
398 3204 928 3276 inprudentiadolesoentlet
953 3207 1085 3262 libero.
1121 3210 1179 3264 Sed

12 3296 24 3313 ²
107 3274 178 3346 qnid
190 3274 342 3327 Donatus?
365 3273 599 3342 „Vide,“·inquit
625 3274 851 3344 „parasitumin
868 3274 1000 3328 iisdem
1018 3281 1176 3345 versari,

107 3356 177 3395 cum
193 3342 240 3393 eit·
252 3350 340 3410 supra
353 3341 573 3408 lugulatus,
608 3340 645 3391 ‘ic
661 3328 776 3393 Dolet
799 3340 966 3395 ictum.“.
984 3345 1060 3394 Nam
1076 3343 1120 3394 sic
1135 3342 1177 3397 le·

107 3408 235 3479 gendum
251 3406 327 3477 apud
344 3406 585 3474 grammaticum,
602 3421 660 3458 non
677 3408 791 3460 Dolet
806 3408 958 3476 dictum,
976 3411 1050 3461 sicut
1066 3408 1179 3479 legitur

107 3492 143 3528 ex
159 3489 217 3545 qno
233 3475 296 3539 ejus
312 3470 400 3526 verba
414 3473 451 3524 ad
463 3473 512 3525 vul
534 3482 611 3526 atam
627 3478 730 3541 poetae
746 3474 944 3529 recensionem
960 3477 1178 3532 accommodata

106 3542 228 3595 fuerunt
242 3557 260 3593 a
274 3538 404 3593 librariis
418 3486 643 3612 eattardusque.
666 3543 764 3611 Eugsa
785 3539 851 3596 hius
863 3557 993 3613 quoquot
1012 3543 1177 3613 „Impru-

108 3609 218 3662 denti.
246 3606 366 3659 Scilicet
377 3607 427 3686 qui
440 3609 561 3660 minime
572 3607 713 3674 crederet,
731 3560 784 3661 tad
797 3626 827 3662 se
844 3613 991 3679 percuti
1008 3623 1091 3678 posse
1107 3630 1177 3667 con·

108 3676 215 3728 vicio.⁴‘
237 3674 494 3737 irridensmtlitem
501 3672 619 3727 Gnatho
631 3674 809 3729 militaribus
821 3680 914 3730 utitur
926 3676 1019 3729 verbis
1031 3676 1096 3729 Tri
1104 3694 1176 3733 am-

107 3742 595 3821 phat‚lngalasee‚1ctum.
632 3742 785 3796 Dictum
802 3759 919 3812 prorsas
936 3743 1078 3808 alienum,
1096 3742 1196 3817 qnod.

108 3822 143 3859 ex
159 3822 215 3877 quo
227 3816 359 3879 pontum
375 3796 443 3873 sule,
458 3807 600 3877 seriptum
616 3818 661 3861 est
676 3823 694 3860 a
705 3813 920 3862 correctoribus
936 3810 1174 3879 imprudenti

108 3884 164 3926 eta.
191 3874 335 3929 Similiter
352 3884 451 3927 aetam
467 3884 570 3927 sonant
588 3876 701 3928 nolet
716 3878 831 3930 ictum
849 3888 878 3930 et
894 3875 1006 3929 Dolet
1022 3874 1173 3947 dictum,

107 3954 183 4011 quae
196 3938 357 3995 similitudo
374 3958 474 3995 ansam
491 3940 656 4011 praebuisse
672 3939 786 3995 videtur
802 3942 1025 4014 depravationis.
1062 3956 1105 4008 52·
1130 3948 1173 4000 Ina

107 4016 171 4071 cod.
188 4017 212 4070 C
228 4017 324 4071 Iterat.
337 4029 368 4071 ot
382 4018 447 4073 edd.
465 4027 536 4072 vett.
560 4020 606 4076 Va
623 4028 671 4088 tn,
689 4021 848 4090 Pamph..
866 4016 944 4091 quod
960 4011 1075 4089 ianam
1128 4038 1171 4095 57.

106 4088 188 4146 Libri
204 4087 331 4152 soloecet
349 4091 419 4147 das.
882 4114 885 4121 ·
