2602 4536
485 198 801 327 eremium

348 436 534 511 ierus
557 438 621 509 ιν.
656 436 865 535 ‚scrut
886 437 938 508 11.

546 587 579 648 G
597 587 626 650 E
646 589 677 655 Τ
695 592 756 654 Δ..

113 700 183 785 Ego
202 702 371 767 hominem
390 703 592 767 callidiorem
612 704 680 766 vidi
699 706 878 777 neminem,
1028 703 1056 765 i.
1081 723 1109 763 ι.
1139 732 1144 739 ·

113 784 222 865 Quam
243 788 485 853 Phormionem.
526 788 628 848 Venio
646 788 689 847 ad
706 786 892 860 homiuem,
912 797 953 847 ut
971 782 1141 859 dicerem,

110 871 296 953 Argentum
309 891 398 953 ‚opus
418 891 496 944 esre,
517 884 551 932 et
569 870 606 930 id
625 890 691 951 quo
710 884 806 952 pacto
831 870 933 932 fieret.
1115 882 1136 897 “·
1201 874 1204 879 ’

110 950 172 1011 Vix
193 950 272 1016 dum
292 953 465 1031 dimidium
485 952 651 1015 dixeram:
668 953 896 1029 intellexeram
1020 948 1027 957 “

110 1031 301 1106 Gaudebat3
320 1050 383 1098 me·
395 1035 568 1108 laudabam
590 1030 761 1117 quaerebat
781 1049 911 1115 reuem3
1168 1038 1189 1095 5

1 1122 2 1130 ’
109 1113 171 1175 Dic
191 1119 310 1199 gratior
328 1119 460 1200 agebat,
481 1131 609 1201 tempus
630 1117 692 1183 ribi
712 1118 793 1190 dari,

96 1197 178 1273 „Ubi
198 1199 375 1262 Phaedriae
396 1202 463 1262 esie
485 1192 667 1263 ostenderet
686 1201 793 1263 nihilo
815 1200 925 1261 minut

108 1281 266 1343 Amicum
286 1276 373 1355 cete,
395 1302 492 1362 quam
510 1283 704 1363 Antiphoni.
744 1283 924 1343 Hominem
942 1279 983 1341 nd
1002 1279 1120 1343 forum
1146 1337 1150 1343 .

110 1360 196 1433 lueri
211 1354 374 1445 'opperirix
394 1386 432 1427 eo
452 1386 508 1427 me
527 1363 746 1427 adducturum
766 1384 888 1427 senem.

11 1502 14 1507 .
54 1516 60 1521 ,
110 1443 174 1503 Sed
194 1465 310 1519 eccum
328 1449 457 1530 ipsum:
480 1451 536 1529 qui
555 1447 784 1509 ert'ulterior?
805 1449 914 1521 Anat,
934 1445 1133 1519 metriae,
1147 1453 1187 1510 10

108 1526 207 1590 Pater
225 1532 324 1595 venit.
367 1526 430 1591 Sed
450 1532 529 1611 quid
547 1530 703 1611 pertimui
724 1542 850 1600 autem,
870 1529 1006 1591 bellun?
1046 1546 1065 1563 ·

109 1611 165 1671 An
185 1615 278 1690 quia,
299 1634 378 1693 quor
396 1614 529 1683 fallam,
550 1632 608 1697 pro
629 1631 696 1674 uno
713 1612 781 1673 'duo
802 1623 879 1672 sunt
899 1606 986 1672 mihi
1005 1611 1104 1675 dati?

41 1696 46 1711 '
111 1691 322 1756 Commodius
343 1717 411 1762 ecre
432 1698 566 1777 opinor,
588 1692 712 1781 duplici
732 1708 787 1775 spe
806 1695 903 1756 utier.
1001 1685 1011 1699 ”

109 1776 224 1837 Petam
244 1776 344 1850 hinc,
363 1776 452 1838 irride
473 1797 492 1837 a
511 1777 620 1857 primo
639 1778 777 1859 institui,
817 1776 849 1837 Ir
870 1776 898 1835 si
919 1774 993 1838 dat:
1016 1790 1068 1841 rat
1087 1790 1158 1853 ett;

111 1855 146 1919 Si
165 1858 205 1919 ab
226 1878 266 1920 eo
285 1857 433 1921 nil'fie'tt
452 1873 528 1923 tum
547 1859 639 1922 hunc
657 1858 784 1935 adoriar
804 1857 976 1938 hospitem.
1144 1865 1183 1924 15

120 2116 126 2129 ,
213 2030 232 2057 ·’
337 2046 953 2121 rerumrerum.

192 2194 409 2267 lumem,
428 2194 582 2291 cnm,
612 2160 846 2266 'cunnum
882 2186 1120 2279 ortamno..

80 2296 148 2365 Ἃ.
168 2306 327 2386 Expecto,
348 2327 446 2388 quam
466 2328 547 2369 mox
567 2308 705 2386 recipiat
721 2330 793 2370 ¹sere
815 2311 910 2371 Geta.
982 2336 986 2343 ·
1034 2312 1101 2373 ir.

108 2384 173 2446 Sed
191 2401 347 2467 patruum
369 2391 461 2452 video
482 2412 559 2452 cum
579 2404 670 2470 patre
691 2390 886 2453 adstantem.
927 2391 992 2452 Hei
1011 2393 1107 2464 mihi,

109 2467 217 2547 Quam
238 2473 357 2543 timeo,
377 2473 534 2535 adventur
554 2473 653 2545 huius
674 2493 739 2551 quo
757 2473 894 2551 inpellat
914 2475 1077 2554 patreml,

81 2552 157 2613 ·G.‘
172 2550 293 2626 (Adibo
314 2551 434 2628 hosce.)
456 2556 488 2615 0.
505 2568 614 2617 noster
635 2554 821 2617 Chreme...
864 2555 900 2618 C.
922 2556 1032 2628 Salve,
1056 2558 1151 2620 Geta.

108 2633 150 2694 G.
166 2636 285 2697 Venire
300 2637 419 2697 salvom
434 2639 550 2720 volupe
566 2650 623 2698 est.
650 2635 690 2698 D.
706 2636 820 2717 Credo.
849 2636 888 2698 G.
906 2638 996 2716 Quid
1010 2641 1144 2719 agitur?
1163 2648 1181 2702 5

82 2715 147 2777 ·C.
168 2713 278 2779 Multa
300 2717 506 2788 advenienti,
529 2733 566 2780 ut
586 2719 644 2788 fir,
668 2737 752 2779 nova
772 2720 837 2791 hic,
847 2721 1038 2796 compluria.

108 2797 150 2863 G.
168 2799 228 2862 Ita.
270 2799 321 2861 De
341 2799 530 2881 Antiphone
550 2801 704 2865 audistin’
727 2820 808 2881 quae
829 2797 937 2864 factat
986 2805 1023 2864 G.
1051 2801 1182 2868 omnia.

109 2881 152 2944 G.
173 2881 258 2943 Tun’
279 2881 408 2943 dixeras
431 2883 532 2942 huic?
553 2882 693 2943 Facinus
714 2884 910 2964 indignum,
933 2883 1090 2959 Chreme,

108 2963 163 3025 Sic
183 2965 361 3028 circumiri.
403 2967 441 3030 C.
463 2965 501 3025 ld
522 2984 598 3025 cum
618 2965 681 3026 hoc
701 2967 838 3047 agebam
852 2965 1080 3033 commodum.
1105 3021 1113 3031 ,

107 3090 180 3159 Reg.
197 3098 228 3143 et
243 3090 414 3163 Quadratus,
431 3090 504 3169 item
521 3091 544 3143 C
562 3090 657 3144 Berol.
676 3101 706 3144 et
721 3095 836 3144 Arcens.
854 3089 933 3144 houd
946 3091 1042 3147 malet
1058 3079 1098 3145 Ns
1115 3094 1182 3151 def.

108 3173 265 3226 uuquam
279 3173 343 3224 ogo
358 3173 432 3229 exp.
449 3157 545 3209 me
558 3158 594 3208 N.
608 3157 676 3210 def.
690 3174 849 3236 unquam
863 3158 951 3210 adeo
968 3175 1043 3228 exp.
1064 3161 1183 3230 Guyeto

105 3222 415 3344 :ppnptllprpbffippectu
431 3231 475 3309 eet
495 3233 651 3294 propterea
672 3227 751 3294 quod
769 3234 913 3278 incertam
929 3223 1027 3277 eedem
1042 3226 1137 3280 habet
1151 3230 1183 3280 in

200 3394 207 3407 .
227 3350 724 3425 lv.sc.11,7,s.v.211bi'1³h.
743 3308 1181 3415 reortnihiminurdm.

108 3452 186 3489 erse
210 3449 316 3505 quam
338 3436 501 3503 antiph„
529 3452 655 3505 quorum
677 3443 815 3490 versuum
838 3435 979 3509 posterior
1000 3445 1042 3488 ert
1066 3428 1181 3504 ὅμηρος,

108 3509 219 3563 Betiti:
240 3510 275 3560 U.
290 3508 490 3561 Phaedriai
515 3519 583 3561 ott.
603 3510 677 3562 nih.
694 3510 902 3562 min.Amic.
923 3525 1051 3560 seesce
1071 3527 1128 3580 qu.
1147 3513 1180 3563 A.

107 3574 310 3630 Phaedriui
331 3575 480 3643 placuerat
494 3578 584 3628 etiam
598 3577 726 3645 Guyet0;
744 3579 828 3628 nohis
840 3577 997 3629 abhorrere
1011 3577 1130 3630 videtur
1145 3579 1181 3631 ab

109 3658 163 3695 usu
180 3643 372 3695 comicorum.
389 3640 474 3693 Sese
487 3643 510 3694 8
523 3651 553 3694 et
565 3645 587 3695 C
600 3643 710 3695 Beroll.
744 3660 770 3711 9.
783 3646 829 3694 V.=
845 3660 884 3694 eo
898 3659 950 3694 me
962 3659 1039 3695 etse
1053 3661 1078 3695 u.
1092 3661 1125 3709 a,
1138 3647 1179 3698 iu·

108 3720 228 3762 renuite
243 3709 434 3778 deproperato
446 3725 494 3774 eo,
509 3710 596 3762 verbo
605 3710 745 3778 graviore.
763 3708 938 3764 Helmstada
953 3713 1180 3783 opperirier.

177 3779 209 3828 Α.
228 3777 273 3827 Ν.
292 3775 344 3827 SC.
362 3775 420 3839 111,
437 3789 462 3841 5.
481 3787 638 3843 patrem.
663 3776 981 3828 Helmstad.:meu1n.
1026 3793 1050 3843 4.
1069 3779 1181 3842 Bentl.,

109 3860 168 3896 non
183 3845 279 3893 serem
297 3844 414 3894 eaerum
437 3853 566 3895 carentes
590 3842 700 3895 medior
723 3844 810 3906 hujus
833 3859 930 3894 versus
954 3843 1057 3910 pedes,
1083 3845 1182 3897 deleto

108 3911 197 3961 verbo
215 3907 339 3974 hoece,
363 3907 465 3960 excudi
483 3908 565 3971 jureit
580 3909 713 3962 Bembini
736 3907 892 3961 lectionem
908 3909 999 3961 hanc:
1024 3911 1050 3963 Ο
1068 3911 1182 3979 salve,

110 3984 237 4028 noster
255 3975 420 4029 Chreme.
454 3976 562 4028 Verum
579 3976 733 4029 Chreme
751 3977 938 4044 posteriorem
953 3975 1097 4041 syllabam
1110 3995 1180 4047 pro-

110 4044 201 4099 ducit.
234 4044 373 4099 Ceterum
388 4042 456 4097 libri
474 4040 584 4113 vulgati
598 4043 696 4098 minut
711 4052 807 4098 rectet
824 4042 1013 4113 Chremen
