2602 4536
130 261 198 354 196
505 254 545 325 Ρ.
580 214 821 329 mnium

125 438 218 528 quod
236 434 431 509 dissolutus,
454 432 546 521 quod
565 437 800 518 intemperans,
847 438 915 501 uod
925 426 1080 516 vinosus,
1102 441 1206 528 quod

123 535 305 593 scortator,
321 518 412 603 quod
425 518 549 589 nullius
561 516 667 580 lonae
680 522 729 584 rci
743 458 923 585 Aesclinus
941 516 1050 611 foret,
1067 542 1201 590 omnem

123 608 159 670 in
177 606 323 669 Micione
337 622 401 662 uno
416 601 550 664 haerere
564 600 716 681 eulpam
737 602 805 666 diis
818 607 954 684 gratias
968 602 1202 692 agere,',qsead

90 744 93 751 .
123 688 179 752 iile
198 685 329 757 saltem,
353 705 446 763 quem
467 685 539 763 ipse
561 684 633 745 ruri
649 682 797 759 haberet,
815 680 923 777 frugi
943 709 984 749 ac
1002 700 1202 769 temperans

79 836 83 847 ,
122 781 219 843 esset,
242 768 290 830 rei
309 765 459 837 studeret
479 777 513 826 et
527 758 661 855 famae,
685 765 819 829 illarum
843 790 950 831 rerum
971 769 1058 832 nihil
1079 793 1123 833 ne
1145 794 1199 836 co·

120 856 250 935 gitaret
270 849 421 933 quidem:
454 859 586 921 tantum
612 847 774 911 videlicet
798 853 953 914 interesse
980 854 1070 914 iuter
1094 877 1196 919 suam

121 948 156 998 et
169 928 305 1024 fratris
324 926 544 1010 disciplinam.
584 928 708 991 Ptacae
719 932 893 1008 hominem,
917 948 1079 1018 quantum
1101 939 1141 999 ire
1161 962 1197 1001 se

69 1050 72 1061 ·
121 1029 193 1088 est,
224 1016 353 1087 Micio,·
378 1014 513 1099 jamque
532 1034 569 1074 se
594 1011 637 1073 ab
658 1033 696 1073 eo
716 1015 955 1095 expediverat,
983 1039 1056 1079 eum
1077 1040 1193 1101 super-

119 1101 214 1162 venit
239 1094 352 1170 aliud,
389 1094 480 1178 quod
507 1094 652 1181 neajores
682 1096 785 1158 etiam
818 1097 980 1161 tumultus
1008 1102 1191 1168 excitaret.

123 1184 278 1261 Raptam
297 1176 340 1239 ab
362 1178 523 1241 Aeschino
545 1177 809 1252 citharistriam,
837 1173 1015 1267 perfertur
1042 1183 1091 1244 ad
1124 1206 1191 1247 rna·

120 1279 204 1327 trem
227 1260 425 1341 Pamphilae
431 1281 444 1332 ,·
473 1280 558 1344 qnae
586 1259 717 1342 quidem
749 1263 932 1342 Pamphila
958 1265 1013 1324 ita
1039 1278 1119 1327 erat
1147 1269 1193 1329 ad

119 1344 317 1429 pariendum
328 1343 453 1411 vicina,
475 1353 515 1402 ut
534 1342 603 1427 jam
624 1364 641 1401 e
660 1341 777 1403 dolore
788 1343 969 1408 laboraret.
1019 1340 1210 1446 pridja.

121 1440 210 1492 acret
229 1424 377 1488 misera?
403 1426 586 1487 Mutatum
608 1426 765 1487 Aeschini
791 1429 955 1498 animum,
988 1449 1023 1489 se
1044 1450 1127 1493 vero
1146 1432 1190 1521 fi-

119 1512 267 1594 liamque'
284 1517 377 1570 suam
397 1506 557 1588 proditas
574 1526 637 1587 per
655 1496 813 1569 summam
824 1506 1005 1600 perfidiam
1024 1533 1070 1573 ac
1081 1514 1189 1577 deser*-

121 1607 179 1661 tas
197 1588 374 1675 putahat.¹
402 1591 522 1653 Getam
536 1588 712 1662 servulum,
735 1592 795 1675 qui
812 1612 991 1673 pauperem
1002 1586 1190 1679 familiam

119 1675 232 1747 solus,
254 1684 293 1735 ut
308 1683 460 1752 poterat,
479 1670 607 1743 alebat,
630 1673 741 1734 mittit
760 1673 808 1733 ad
829 1675 1034 1753 Hegionem,
1055 1680 1189 1758 puellae

118 1768 311 1838 cognatum,
329 1753 485 1839 jubetque
506 1755 536 1813 ei
557 1774 641 1827 rem,
663 1766 703 1815 ut
723 1767 814 1828 erat,¹
832 1776 1004 1836 exponere.
1050 1752 1186 1824 Interea

117 1841 278 1905 audierat
294 1836 436 1917 Demea,
459 1856 552 1897 suum
575 1840 706 1920 quoque
726 1838 956 1919 Ctesiphonem
977 1841 1014 1901 in
1028 1846 1186 1923 raptione

117 1919 280 2026 affuissee
299 1919 436 2006 jamque
455 1930 551 1979 totus
570 1921 605 1979 in
622 1911 800 2004 fermento,
824 1933 863 1981 ut
877 1921 989 1994 a'unt,
1011 1936 1100 1998 erat,
1116 1948 1186 1989 cum

117 2031 148 2071 es
173 2006 293 2087 Syrus,
324 2022 440 2063 servus
464 1991 690 2087 vaferrimus,
721 1943 960 2063 mendaciolicm
986 1995 1185 2089 adspergit:

116 2087 247 2155 venisse
259 2084 398 2169 ¹«puidam
419 2104 494 2144 rure
518 2081 750 2161 Ctesiphonem
755 2104 770 2155 ,·
799 2085 857 2144 sed
875 2088 1007 2147 venisse
1023 2088 1185 2177 objurga-

117 2186 189 2234 tum
210 2167 414 2233 Aeschinum,
437 2162 544 2224 multa
565 2165 595 2224 ei
615 2165 721 2232 medio
735 2158 826 2250 foro
847 2166 1110 2245 maledixisse,
1132 2175 1185 2235 de·

118 2252 195 2317 inde
223 2247 360 2310 rediisse
386 2266 442 2308 rus
472 2247 508 2307 in
538 2238 790 2335 praefecturam
824 2268 927 2311 suant,
978 2252 1186 2319 Lacrumare

118 2333 247 2418 gaudio
269 2330 400 2393 Demea
421 2340 456 2389 et
475 2328 649 2407 gratulari
660 2326 738 2399 sili,
760 2329 851 2412 quod
870 2352 968 2392 unum
989 2333 1113 2399 saltem
1126 2340 1186 2399 ha·

117 2419 225 2489 beret,
257 2417 292 2477 irs
314 2432 380 2496 quo
408 2422 560 2472 exstaret
583 2421 750 2509 paternae
775 2414 970 2476 severitatis
989 2420 1185 2499 exemplum.

117 2501 215 2565 Dum
237 2516 294 2559 rus
314 2494 414 2567 redit,
437 2492 557 2555 incidit
577 2512 612 2553 m
635 2494 830 2572 Hegionem,
853 2515 876 2554 a
900 2513 965 2579 quo
986 2498 1029 2557 de
1049 2515 1182 2564 consta.

115 2593 221 2665 prata
241 2600 303 2658 per
313 2580 383 2637 vim
404 2574 446 2635 ab
463 2574 626 2636 Aeschino
642 2575 824 2655 Pamphila
839 2577 1010 2658 intelligit.
1056 2584 1181 2648 Denuo

116 2672 318 2732 commotus,
356 2657 434 2724 dum
453 2650 629 2797 ζνατνεηι,
666 2669 706 2718 ut
732 2660 767 2718 in
794 2680 864 2719 eum
891 2659 975 2721 iram
1004 2680 1179 2741 evomeret,

117 2747 269 2833 quaerit,
298 2739 442 2802 obvium·
483 2737 577 2796 abuit
605 2742 836 2800 mercenarium
864 2762 887 2801 a
906 2741 1010 2817 villa,
1039 2769 1084 2808 ex
1114 2770 1179 2833 quo

114 2831 308 2893 sciscitatus
326 2821 368 2883 de
381 2818 462 2908 filio
477 2817 613 2896 accipit,
637 2838 703 2880 non
719 2842 787 2881 esse
803 2825 882 2884 ruri.
925 2826 1033 2888 Redit
1052 2828 1101 2891 ari
1118 2834 1178 2914 Sy·

116 2932 207 2982 rum
234 2928 257 2967 a
278 2926 343 2992 quo
364 2908 394 2966 εἰ
415 2920 529 2965 rursus
549 2904 671 2973 novum
690 2902 911 2978 mendacium,
931 2907 1025 2971 velut
1047 2908 1177 3001 affaire

59 3004 66 3013 .
115 3012 174 3062 05,
198 3012 237 3051 ne
257 2988 419 3058 latraret,
443 2983 609 3069 objicitur.
660 2983 822 3082 Quaerit,
844 2985 900 3050 ubi
911 2982 1067 3078 fratrem
1085 3016 1175 3076 repe·

115 3076 181 3136 rire
199 3074 334 3153 possit,·
355 3070 392 3130 id
409 3087 489 3129 vero
510 3068 563 3126 ita
584 3064 752 3127 indicavit
776 3069 896 3150 Syrus,
919 3083 958 3131 ut
979 3068 1108 3161 infelix
1128 3099 1175 3139 se·

114 3178 197 3227 nex,
229 3150 306 3214 dum
328 3151 418 3214 illius
435 3147 548 3210 verbis
561 3143 667 3235 fidem
687 3147 808 3220 habet,
839 3153 1063 3239 nequidquam
1083 3179 1175 3222 omne

114 3236 274 3322 oppidum
287 3232 543 3314 perreptaverit.
590 3233 726 3292 Interea
744 3233 862 3304 Micio,
885 3240 1027 3299 omnium
1048 3240 1092 3301 ab
1108 3245 1174 3305 He·

19 3342 22 3346 ·
112 3324 211 3404 gione
231 3318 353 3382 certior
372 3311 503 3404 factus,
526 3315 664 3393 ipsemet
684 3311 731 3373 ad
744 3313 895 3377 mulieres
910 3314 1101 3406 profectus,
1120 3328 1173 3411 ja.

112 3417 220 3467 centes
241 3403 310 3490 jam
330 3395 371 3461 et‘
386 3394 535 3495 afflictas
555 3408 718 3467 erexerat,
741 3395 894 3458 labantes
913 3411 948 3460 et
967 3401 1087 3467 dubias
1099 3428 1172 3469 eon.

9 3478 11 3487 ¹
104 3486 327 3579 firmaverat,
358 3481 504 3543 tristitia
534 3500 575 3538 ae
594 3497 740 3539 moerore
758 3471 932 3568 confectas
954 3503 1170 3562 recreaverat,

109 3569 300 3651 pollicitus,
339 3588 373 3627 se
401 3563 561 3625 Aeschino
590 3558 804 3640 Pamphilam
839 3583 974 3626 uxorem
1002 3567 1171 3633 daturum.

55 3714 57 3721 ,
117 3653 222 3717 Venit
243 3649 392 3712 Demea:
424 3644 564 3714 clamor,
597 3643 761 3727 jurgium,
778 3647 950 3708 convicia.
993 3651 1114 3713 Etiam
1135 3674 1170 3716 eo

108 3744 286 3816 praesente·
310 3728 456 3792 servulus
484 3725 620 3807 auidam
644 3724 873 3802 Ctesiphonem
899 3750 961 3808 per
981 3733 1169 3813 impruden·

111 3817 195 3879 tiam
215 3815 387 3883 nominat‚·
409 3808 551 3872 illerum
568 3806 679 3869 subito
700 3810 845 3885 pervim
864 3811 899 3870 in
919 3813 1168 3898 aedes,irreeps‘s-

108 3910 170 3971 set,
196 3918 289 3982 quem
312 3892 508 3979 jampridem
528 3889 675 3968 putabat
693 3890 765 3951 ruri
778 3883 958 3978 fodere,
980 3910 1169 3962 antara.

108 4003 165 4052 re,
194 3991 270 4040 aut
291 3967 613 4061 aliquidferre
633 3972 934 4065 deniqu-e,·.eeim
955 3980 1168 4043 accubantem

104 4083 175 4126 cum
192 4066 300 4125 amica
312 4073 347 4123 et
358 4059 508 4123 suaviter
523 4057 729 4134 potitantem
746 4053 970 4135 deprehendit.
987 4086 994 4123 ·,
1015 4062 1073 4124 Ibi
1086 4066 1166 4129 vero

424 4180 433 4213 Χ
