2602 4536
73 302 80 311 ·
177 297 251 388 ,ao
548 256 595 360 'a
628 286 869 360 reanum

171 475 250 541 Non
268 488 463 544 maxumae,
494 487 576 550 quae
596 486 772 566 mmnmae
804 478 881 531 runt
900 444 1083 528 inter‘dum
1105 462 1198 606 iraet,
1218 456 1249 524 ir·

144 712 150 725 Ι
172 610 329 703 Faciunt:
356 654 437 699 nam
456 653 550 715 caepe
570 647 635 707 ert,
666 571 845 776 qliilJin
863 633 962 694 rebus
982 630 1077 699 elius
1102 566 1152 691 tie
1174 593 1251 693 iratur

698 736 754 799 qua
778 737 830 776 em
851 728 911 788 eet,

78 810 81 817 '
173 805 260 869 Cum
281 803 323 865 ‹le
343 803 459 865 eadem
479 820 573 863 cauea
594 813 642 865 eet
662 799 835 861 iracundus
857 799 961 860 factus
984 796 1251 858 inimicissurnur

170 888 272 953 Pueri
286 888 371 948 inter
386 905 419 946 re
435 903 532 967 quarn
546 905 604 966 pro
616 884 740 946 levibns
756 878 862 944 noxiis
871 886 931 943 iras
941 892 1071 963 gerunt
1084 874 1093 941 l
1118 892 1145 942 t.
1153 891 1177 942 t.
1186 898 1210 939 c.
1228 884 1252 938 tl

171 967 398 1052 Quapropter?
422 967 509 1045 Quia
531 969 638 1058 enim,
663 968 718 1046 qui
738 986 792 1029 eoa
814 965 974 1048 gubernat
994 964 1162 1034 animus,
1185 960 1254 1021 infir·

699 1069 794 1110 mum
816 1060 945 1132 gerunt.
1053 1053 1056 1060 '
1111 1048 1140 1108 i.
1166 1058 1191 1109 t.

172 1132 292 1199 Itidem
303 1132 457 1197 mulieres
466 1133 663 1205 suntferme,
671 1146 708 1195 ut
717 1134 819 1213 pueri,
828 1132 894 1191 levi
902 1130 1083 1191 sententia.
1111 1123 1254 1190 as.t.d.i.l.

173 1214 320 1278 Fortasse
342 1234 448 1279 unum
469 1214 601 1296 aliquod
622 1215 762 1277 verbum
780 1215 870 1277 inter
890 1231 942 1277 eae
961 1213 1052 1274 iram
1075 1211 1174 1274 hanc
1195 1226 1254 1270 cou-

239 1300 252 1331 r
384 1369 388 1377 Ι
696 1298 852 1359 citaverit.
1115 1296 1139 1355 i.
1166 1307 1191 1354 t.

167 1379 262 1443 Pan.
275 1379 350 1452 Abi,
365 1385 539 1453 Parmeno,
554 1380 642 1444 intro
658 1400 696 1441 ac
709 1402 765 1442 me
777 1383 900 1441 veniere
913 1378 1043 1440 nuntie.
1065 1381 1160 1441 Pau.
1171 1376 1257 1446 Hem,

359 1492 362 1497 >
699 1463 777 1543 quid
797 1462 859 1521 hoc
880 1461 949 1528 est?
970 1459 1082 1525 Tace!
1103 1514 1109 1527 ,

174 1545 347 1639 Ἔτορὶᾶατὶ
364 1520 479 1623 tentio,
501 1548 622 1609 cursari
641 1566 773 1688 rursffi
791 1564 953 1643 prorsum.
983 1546 1084 1608 Patr.
1101 1544 1259 1685 AgedumS,

173 1713 302 1773 Accedo
316 1714 457 1793 propius.
478 1716 561 1777 Pan.
570 1714 666 1786 Hem,
678 1648 864 1776 agnaiallirs'?
884 1715 972 1775 Pam.
978 1707 1065 1771 Noli
1074 1633 1259 1775 tabularii.

174 1792 262 1857 Proh
282 1797 428 1877 Jupiter,
449 1795 625 1860 clamorem
646 1796 770 1856 audivi!
814 1792 894 1856 Pia.
916 1793 1005 1855 Tute
1027 1791 1195 1873 loqueris,
1210 1810 1258 1851 me

174 1955 223 2022 M.
245 1956 343 2033 Tace,
364 1959 510 2034 obsecro,
530 1982 605 2024 mea
625 1893 871 2044 gnatvrilasl’rur.
896 1938 1012 2019 Matris
1034 1978 1108 2022 vox
1132 1932 1200 2020 visa
1218 1967 1259 2018 ert

699 2043 925 2106 Philumenae.
1193 2064 1196 2069 ·

174 2122 298 2191 Nullus
312 2127 402 2188 euml
423 2126 505 2189 Pan.
517 2125 683 2204 Quidum?
705 2129 792 2188 Puro.
799 2118 903 2187 Perii!
920 2125 999 2187 Pan.
1009 2114 1255 2204 Quamobrem?

185 2206 188 2211 ’
459 2246 464 2279 ,
636 2213 724 2271 Paro.
737 2210 853 2273 Nescio
865 2204 1254 2288 quodmagnummalum

175 2288 337 2362 Proiecto,
357 2291 533 2364 Parmeno,
552 2309 609 2351 me
630 2290 872 2435 celulrrutinell'gal.
893 2289 1045 2374 Uxorem
1071 2293 1158 2353 enim
1177 2285 1254 2434 Phi&

176 2526 235 2565 uno
259 2511 457 2568 cod.Fae'rnit
479 2516 553 2566 Aut
574 2529 631 2584 qu.
660 2514 753 2566 Porro
775 2512 862 2565 libri:
888 2512 918 2564 si
939 2511 997 2579 ¹aio
1022 2528 1117 2565 vero
1142 2524 1255 2564 veram
1293 2526 1295 2533 ·

174 2587 242 2630 rat.
260 2594 330 2630 exe.
352 2581 443 2631 Vere
461 2596 477 2632 a
494 2580 648 2646 sententia,
666 2581 717 2630 sis
734 2580 894 2661 requiritur
906 2597 923 2633 a
937 2588 1043 2630 metro.
1071 2576 1192 2632 Plauti
1208 2576 1255 2628 Sis

173 2642 536 2715 heru'mxsospitarh
563 2646 618 2697 Sis
641 2656 782 2698 amanti
806 2645 1018 2697 subvenire.
1053 2645 1104 2696 Cf.
1126 2647 1255 2697 leuiter.

175 2711 229 2763 Sia.
252 2709 348 2764 Bentl.
363 2712 456 2764 nimio
469 2721 591 2766 conatur
608 2713 638 2765 si
655 2713 710 2765 vis
727 2729 850 2765 veram
867 2712 979 2764 rerba
996 2711 1040 2761 ad
1057 2721 1131 2764 ret.
1152 2708 1255 2778 exigi.

175 2778 306 2829 Veram
322 2787 405 2845 rat,
422 2793 521 2829 ueram
538 2794 664 2838 cerream,
685 2781 849 2832 veritatem.
885 2796 900 2831 2
920 2780 994 2833 .l¹.:
1011 2779 1049 2830 Ν.
1069 2792 1256 2831 maxumas

175 2843 397 2908 -injuriaa
422 2845 558 2896 Correxit
574 2842 670 2896 Bentl.
714 2855 763 2909 28,
788 2862 829 2912 29.
855 2796 936 2898 Orio
958 2853 1016 2895 est:
1042 2862 1132 2897 narn
1157 2859 1256 2913 saepe

176 2919 247 2977 eet,
265 2925 343 2962 cum
362 2909 403 2962 tle
420 2910 546 2963 eadem
564 2925 690 2976 cauea,
714 2911 852 2981 quibus
870 2912 906 2963 in
928 2911 1038 2964 rebus
1056 2911 1131 2978 (hoc
1150 2912 1257 2965 dictum

173 2979 231 3052 τρός
249 2979 279 3039 ri
295 2980 469 3049 onerariarum
486 3003 541 3054 pro
564 2987 606 3039 ob
632 3003 738 3056 quam
756 2989 920 3054 oausam)
943 2986 1042 3040 alius
1065 3005 1114 3039 ne
1139 2992 1183 3041 ir.
1208 3006 1256 3060 qu.

174 3058 357 3121 eet,irac.
381 3070 439 3112 est
461 3054 549 3113 fect.
573 3060 718 3114 inimic.
761 3078 803 3138 5⁰·
829 3062 876 3116 V.t
900 3076 997 3122 sese,
1021 3059 1116 3113 verbo
1142 3048 1257 3128 Pu'eri,

174 3123 253 3194 quoti
270 3124 474 3202 grauissimum
491 3135 550 3189 eat,
573 3127 651 3177 male
669 3128 812 3179 exendrto.
855 3144 897 3196 32·
915 3129 959 3180 Ita
975 3128 1079 3178 Fe'e'rn.
1102 3130 1192 3181 Libri
1211 3130 1257 3182 du·

160 3191 313 3254 nissimi,
331 3191 377 3242 vel
393 3193 488 3262 potius
505 3191 612 3256 nullis,
629 3195 775 3246 numeris:
799 3194 843 3247 lt.
867 3192 960 3246 illae
984 3192 1068 3246 mul.
1097 3195 1256 3248 Glossema.

173 3272 217 3336 53.
235 3256 283 3312 lt„-
303 3258 397 3309 hano
416 3258 652 3323 conciverit„
676 3258 754 3312 Alias
770 3259 831 3327 legi
848 3261 1121 3327 concitaverit,
1140 3272 1257 3315 notatur

122 3378 126 3385 ¹
172 3339 204 3375 tu
227 3323 361 3392 margine
386 3324 492 3376 codicis
509 3326 532 3376 C
549 3324 644 3377 Berol.
675 3327 852 3383 Heliaramia
879 3326 1088 3379 concrevit.
1124 3332 1256 3383 Aeneae:

140 3398 144 3405 '
172 3391 248 3442 irae
266 3388 338 3441 has.
373 3391 468 3442 Bentl.
486 3390 646 3444 secundum
664 3393 900 3462 Donatum‚'qui
916 3392 1099 3447 infinitiuum
1117 3398 1256 3465 reperisse

136 3450 140 3473 ¹
173 3455 224 3508 hic
246 3454 376 3519 videtur,
401 3464 430 3509 et
448 3457 630 3509 Gronovium
653 3458 816 3513 Observatt.
840 3475 873 3527 3,
898 3476 929 3527 9,
976 3474 1020 3538 ag.
1045 3471 1114 3524 505:
1139 3458 1256 3514 conci·

174 3521 287 3586 viere,
310 3537 382 3574 ere.
423 3538 466 3588 04.
490 3525 522 3573 V.
542 3519 636 3575 'Pace
660 3522 772 3593 legitur
789 3526 842 3578 sub
859 3476 1007 3595 Pampliilr
1031 3543 1170 3597 persona.
1206 3528 1256 3582 Sed

173 3604 233 3641 non
250 3597 303 3652 est,
321 3588 399 3659 quod
416 3588 438 3639 is
455 3596 551 3641 tacere
567 3591 640 3641 velit
657 3608 780 3655 servum,
800 3593 851 3660 qui
867 3610 986 3644 narrare
1003 3592 1114 3661 incipit
1131 3613 1197 3648 rem
1209 3615 1255 3651 no·

173 3671 239 3706 vam
254 3664 283 3706 et
296 3655 456 3713 attentione
469 3654 546 3707 haud
560 3656 718 3725 indignam.
740 3660 836 3728 Quare
849 3674 954 3728 sequor
963 3657 1144 3715 Palnrerium
1154 3664 1254 3733 Lamp.

174 3722 295 3773 Gruter.
320 3738 345 3786 4.
369 3739 399 3792 p.
411 3736 475 3840 539.
523 3737 570 3795 35,
594 3723 636 3789 5⁶·
660 3727 709 3777 V.r
733 3728 807 3778 Part.
832 3724 926 3782 Tace:
951 3727 1037 3793 Trep.
1056 3755 1088 3766 -
1130 3746 1254 3786 rorsum.

174 3785 363 3856 Paa.'Aged.
392 3805 409 3840 a
453 3788 475 3840 f.
505 3788 615 3841 Accede
632 3807 714 3858 prop.
735 3792 909 3858 hem,'sens.
934 3790 1076 3845 Accede
1130 3797 1209 3848 emh.
1234 3796 1255 3847 C

173 3853 269 3906 Berol.
279 3853 376 3906 Bentl.
409 3868 451 3933 ῃ.
465 3854 550 3909 audi
560 3856 593 3907 ui
607 3857 706 3908 Bemb.
720 3859 878 3927 Victorian.
893 3857 1034 3911 Bentl.V.t
1060 3876 1102 3910 au
1112 3861 1184 3927 dio,
1199 3880 1253 3935 quo

173 3935 271 3970 versut
288 3929 496 3990 corrumpitur.
532 3938 573 3985 40.
591 3923 637 3975 Sic
654 3922 726 3976 libri
742 3933 810 3976 vett.
828 3935 945 3995 praeter
957 3922 1082 3988 Bentleii
1096 3944 1203 3993 unuin,
1226 3931 1254 3981 iu

77 4002 84 4011 ⁸
174 3984 708 4058 quologebaturcelat.V.toel'ar.
743 3991 1145 4058 40.V.:UxoremPhil.,
1166 4012 1253 4065 prave

115 4116 119 4125 ,
157 4066 261 4117 'acuto
275 4062 425 4143 ,vocabulo
447 4065 624 4119 Uxorem
646 4066 776 4144 Litterae
794 4065 1186 4146 -enraeimilimompexudio
1209 4072 1254 4127 roi
