2602 4536
1068 202 1085 237 X

160 307 203 354 22
430 265 447 319 2'
493 281 572 377 ⁸1².
610 278 896 369 sensnm„

162 464 282 523 cerium
304 483 338 522 se
357 481 442 540 prae
456 455 584 535 doloris
604 459 819 537 impatientia
840 456 951 517 eodem
965 459 1159 544 conjectura
1178 462 1230 520 vi·

103 580 113 609 ι
159 546 304 611 deretur.
347 543 502 605 Accurrit
518 540 725 620 Pamphilus,
748 560 883 622 eamque
896 539 1037 600 mediam
1052 542 1238 620 amplexus.

162 625 406 688 itaconsolari
425 624 557 701 caepit,
580 634 619 682 ut
638 621 802 702 plurimas
823 623 1017 704 minimeque
1036 622 1158 684 dubias
1178 636 1233 684 to·

161 711 231 771 tius
251 710 300 770 rei
319 704 586 795 significationes
599 704 708 765 dartt.
741 707 868 787 Itaque
885 706 980 763 venit
1000 704 1053 777 ad,
1066 707 1233 766 Simonem

160 788 330 870 po'stridie
359 788 530 858 Chremes,
561 786 785 848 conditionem
815 788 1004 851 renuntiat:
1034 791 1234 866 comperisse

161 894 206 943 se,
227 868 440 952 Pamphilum
456 870 666 949 peregrinam
688 866 781 930 illam
801 867 922 932 habere
941 870 976 929 in
997 872 1115 930 uxoris
1135 870 1234 943 loco,-

161 956 307 1026 nescius,
339 973 384 1013 ex
402 971 437 1011 se
464 963 581 1017 natam
602 970 672 1010 esse
699 971 789 1021 eam,
819 968 920 1033 quam
941 952 993 1011 ita
1014 951 1236 1013 contumeliae

161 1058 265 1099 eausa
284 1033 495 1114 peregrinam
515 1033 712 1096 nominaret.
763 1030 917 1094 Gaudere
945 1053 983 1094 ea
1006 1056 1040 1094 re
1061 1035 1235 1096 intellecta

163 1115 387 1201 Pamphilus,·
417 1114 529 1176 dolere
549 1126 669 1177 contra
689 1135 730 1177 ac
750 1115 842 1194 ringi
865 1115 967 1179 Simo.
1009 1116 1157 1182 Advenit
1184 1119 1236 1177 in·
1258 1110 1260 1115 ’

163 1214 255 1263 terea
277 1199 358 1269 dies,
381 1199 441 1281 qui
459 1199 590 1277 nuptiis
605 1197 704 1257 initia
714 1188 848 1341 sumt
868 1200 1105 1275 praestitutus.
1143 1201 1254 1261 Simo·

161 1283 371 1359 ueteratoria
414 1281 536 1344 uadam
557 1277 712 1342 callidita
732 1275 973 1341 esimulandas
992 1278 1068 1350 sibi,
1092 1281 1139 1340 ad
1158 1304 1249 1360 per--

163 1364 361 1427 tentandum
376 1299 451 1456 Illic·
470 1363 627 1432 animum,
650 1361 790 1439 nuptias
809 1360 960 1424 statuit:
981 1361 1046 1423 hoc
1066 1365 1235 1445 cogitans,

161 1448 194 1508 si
214 1444 372 1510 abnueret
385 1443 502 1539 filius,
531 1463 647 1507 veram
666 1441 734 1505 sibi
753 1440 961 1530 objurgandi
986 1441 1079 1504 illius
1099 1465 1238 1508 causam

163 1521 262 1617 fore,
290 1548 377 1611 quae
396 1527 443 1591 ad
463 1548 536 1589 eum
554 1524 641 1587 diem
662 1523 758 1587 nulla
777 1525 868 1588 satis
886 1523 983 1608 justa
1004 1518 1154 1615 fuerat3
1181 1530 1237 1591 sin
1277 1544 1280 1549 '

163 1622 345 1682 annueret,
372 1601 487 1700 facile
506 1629 563 1680 se,
586 1606 678 1694 quad
695 1605 817 1679 uellet,
839 1628 863 1669 a
885 1603 1055 1671 Chremete
1076 1611 1237 1690 impetra·

162 1705 297 1765 turum
318 1704 423 1777 atque
443 1690 497 1751 ita
512 1710 612 1753 veras
632 1691 784 1769 nuptias,
807 1688 875 1752 diis
895 1689 1151 1774 adjuvantibus,
1167 1685 1237 1792 sn·

161 1788 253 1839 ctum
274 1776 346 1838 iri„
373 1773 585 1837 Praeterieris
605 1772 715 1850 igitur
733 1770 829 1850 apud
848 1763 992 1859 farum,
1021 1793 1136 1835 securo
1157 1801 1237 1862 Jarn

163 1870 199 1920 et
219 1855 307 1921 nihil
327 1853 399 1921 tale
419 1855 578 1919 metuenti
591 1852 691 1944 filia,
725 1854 921 1937 Pamphile,
944 1856 1074 1938 inquit,
1096 1855 1156 1918 abi
1175 1861 1237 1921 do·

162 1960 262 2010 mum,
284 1959 326 1997 ac
344 1937 426 2002 deas
439 1955 669 2018 comprecare:
691 1955 781 2001 uxor
801 1934 867 2001 tibi
887 1937 1038 2018 duranda
1050 1939 1159 2005 hodie
1173 1955 1236 2006 est.

165 2023 245 2099 Hoc
264 2019 376 2095 dicto,
405 2017 501 2083 uelut
522 2019 707 2097 improuiso
729 2018 876 2101 quodam
896 2018 1034 2104 jaculo,
1062 2024 1239 2087 sauciatus

102 2160 105 2165 ,
162 2101 371 2174 adolescent,
402 2100 487 2186 quid
506 2112 640 2185 ageret,
663 2111 726 2165 aut
747 2101 831 2188 quid
851 2101 985 2165 consilii
1003 2116 1156 2181 caperet,
1180 2128 1236 2183 ne·

162 2185 309 2251 serebat:
332 2204 433 2272 quum
453 2181 501 2245 ad
519 2204 591 2247 eum
609 2182 750 2254 Davus,
770 2175 881 2273 uafro
903 2184 1082 2249 admodum
1103 2204 1145 2248 ae
1162 2210 1242 2251 oer-

162 2278 243 2331 suta
264 2267 399 2346 iugenio
412 2263 798 2336 ser-vunantmadversa
807 2267 901 2333 ,senis
912 2269 1058 2338 astutia,
1079 2273 1239 2336 accurrit.
1284 2332 1288 2343 ,

166 2351 261 2415 Erat
280 2361 353 2414 tum
373 2368 441 2413 una
461 2367 533 2412 aum
555 2345 735 2425 Bamphilo
761 2346 940 2420 Charinus,
959 2351 1024 2437 qui
1036 2334 1240 2417 adolesce'ns

143 2432 251 2496 miro
273 2431 420 2519 quodam
441 2448 555 2497 amare
570 2428 787 2495 Philumenae
802 2433 964 2503 incensus,
979 2423 1125 2520 frustra
1139 2457 1241 2516 saepe

165 2515 313 2581 tentatis
334 2512 427 2576 illius
446 2513 598 2590 nuptiis,
632 2511 680 2573 ad
704 2524 909 2590 postremum
936 2514 1076 2586 audite,
1108 2539 1181 2578 eam
1200 2540 1240 2579 eo

163 2596 433 2679 die·nupturam
469 2593 673 2674 Pamphilo,
712 2595 748 2659 in
781 2616 942 2661 summam
971 2597 1239 2678 desperationem

163 2677 346 2750 adductus,
360 2697 439 2741 -eum
460 2675 603 2748 orabat,
625 2678 658 2741 si
675 2698 711 2761 se
730 2675 862 2742 saluum
881 2677 1003 2750 uellet,
1031 2691 1072 2740 ut
1090 2680 1146 2745 ael
1164 2704 1240 2757 eam

164 2783 206 2823 ne
230 2760 387 2833 disceret,
428 2758 485 2825 ael
517 2756 638 2823 saltem
671 2760 803 2836 nuptiis
837 2758 910 2822 dies
942 2759 1079 2843 aliquot
1112 2764 1239 2844 produ·

162 2855 262 2909 erret.
307 2840 508 2925 Pamphilus
528 2839 600 2901 eum
619 2858 682 2903 sua
704 2838 836 2927 quidem
857 2862 959 2907 causa
980 2843 1066 2905 bono
1078 2868 1148 2907 esse
1168 2849 1241 2911 ani·

165 2946 219 2989 mo
240 2939 344 3011 atque
357 2925 470 2987 omnia
484 2922 531 2986 ad
547 2921 777 3000 impediendas
792 2927 933 3001 nuptias
949 2924 1061 2987 moliri
1073 2928 1242 3012 jubebat·,·

165 3028 216 3076 se,
239 3020 402 3094 quantum
424 3009 459 3069 in
479 3027 515 3070 se
535 3016 640 3075 esset,
670 2999 887 3098 effecturum,
919 3028 960 3077 ea
981 3019 1080 3071 utne
1101 3011 1243 3072 daretur

84 3102 87 3111 '
166 3089 243 3153 sibi.
284 3089 494 3159 Adveniens,
516 3100 556 3149 ut
578 3087 674 3158 dixi,
699 3087 828 3150 Davus
852 3088 1054 3162 Charinum,
1071 3093 1148 3178 jam
1169 3096 1245 3173 spei

165 3171 310 3253 plenum,
332 3170 425 3236 abire
446 3170 494 3233 ad
514 3168 708 3235 ambiendos
728 3172 816 3231 senis
837 3172 966 3237 amicos·
981 3173 1082 3258 jubet
1088 3198 1103 3247 ;
1123 3174 1244 3236 deinde

166 3274 316 3317 seorsum
340 3251 519 3332 Pamphila
541 3251 752 3337 cbnjecturas
777 3273 859 3315 suas
884 3257 1016 3337 aperit,
1044 3259 1242 3335 persuadet-

168 3358 252 3420 que,
276 3347 315 3401 ut
335 3337 433 3416 patri
453 3334 567 3407 dicat,
597 3355 632 3399 se
651 3344 924 3414 pacatumue,
947 3359 1086 3401 uxorem
1107 3340 1244 3403 ducere:

166 3439 245 3482 ream
275 3437 312 3482 eo
338 3428 463 3502 pacta,
488 3417 626 3499 inquit,
657 3427 692 3482 et
718 3417 818 3496 patri
848 3438 971 3481 ornnem
996 3422 1165 3506 jurgandi
1191 3445 1243 3487 oc-

165 3502 333 3567 casionem
352 3498 578 3580 praecideris,
610 3510 646 3561 ct
665 3519 732 3564 nau
753 3500 819 3561 erit
839 3510 951 3565 tamen
974 3504 1173 3576 uerendum,
1204 3528 1245 3568 ne

88 3584 95 3595 “
116 3660 119 3665 ¹
165 3584 313 3663 nuptiae
316 3580 439 3673 fiant:
461 3602 631 3664 nunquam
652 3582 737 3647 enim
757 3581 912 3646 Chremes
931 3584 1007 3657 tibi,
1028 3587 1126 3649 semel
1146 3609 1244 3668 repn-

169 3665 288 3736 diato‚
316 3663 431 3755 filiam
452 3674 546 3727 subm
567 3664 686 3727 iterum
706 3665 940 3729 commissurus
966 3668 1030 3733 esi.
1072 3670 1169 3731 Haec
1190 3673 1246 3731 ita

168 3746 211 3808 de
224 3748 316 3809 serui
335 3743 475 3811 camilia
497 3757 579 3810 acta
601 3745 700 3827 lange
715 3746 818 3812 aliter
838 3749 990 3822 cecidere,
1013 3770 1055 3811 ac
1074 3752 1243 3830 putaban-

169 3840 245 3891 tur:
267 3840 391 3895 exorat
411 3831 495 3893 enim
520 3828 723 3894 Chremetem
745 3828 835 3895 sino
847 3850 862 3903 ‚⁰
883 3833 937 3895 ita
958 3852 1011 3893 res
1031 3834 1066 3895 in
1085 3855 1243 3897 verarum

167 3911 364 3990 nuptiarum
384 3908 561 3979 discrimen
581 3902 774 3977 adducitur.
817 3905 923 3980 'Forte
943 3932 981 3978 eo
999 3916 1071 3995 ipse
1085 3917 1140 3978 die
1162 3917 1242 4000 Gly-

166 3995 310 4063 cerium,
332 3994 464 4061 exactis
485 3993 711 4072 temporibus,
732 4015 870 4073 puerum
890 3999 1045 4077 peperit;
1073 4022 1145 4060 cum
1164 4022 1243 4081 pue-

168 4096 241 4138 rum
264 4074 404 4148 Dauus,
427 4095 527 4158 quum
541 4073 646 4137 aliter
658 4077 805 4156 rruptia's
820 4077 1014 4147 disturbare
1034 4102 1100 4145 uon
1113 4093 1242 4162 posset,
