<?xml version="1.0" encoding="UTF-8"?>
<!DOCTYPE html PUBLIC "-//W3C//DTD XHTML 1.0 Transitional//EN"
    "http://www.w3.org/TR/xhtml1/DTD/xhtml1-transitional.dtd">
<html xmlns="http://www.w3.org/1999/xhtml" xml:lang="en" lang="en">
 <head>
  <title>
</title>
<meta http-equiv="Content-Type" content="text/html;charset=utf-8" />
  <meta name='ocr-system' content='tesseract 3.04.00' />
  <meta name='ocr-capabilities' content='ocr_page ocr_carea ocr_par ocr_line ocrx_word'/>
</head>
<body>
  <div class='ocr_page' id='page_1' title='image "./poetaescenicila00bothgoog_0049.png"; bbox 0 0 2602 4536; ppageno 0'>
   <div class='ocr_carea' id='block_1_1' title="bbox 55 228 860 373">
    <p class='ocr_par' dir='ltr' id='par_1_1' title="bbox 55 228 860 373">
     <span class='ocr_line' id='line_1_1' title="bbox 55 228 860 373; baseline 0.006 -21"><span class='ocrx_word' id='word_1_1' title='bbox 55 258 59 265; x_wconf 83' lang='lat'><em>&#39;</em></span> <span class='ocrx_word' id='word_1_2' title='bbox 139 276 225 373; x_wconf 54' lang='grc' dir='ltr'><strong>μ’</strong></span> <span class='ocrx_word' id='word_1_3' title='bbox 519 286 558 357; x_wconf 79' lang='lat' dir='ltr'><strong>r.</strong></span> <span class='ocrx_word' id='word_1_4' title='bbox 590 228 827 357; x_wconf 68' lang='lat' dir='ltr'><strong>senium</strong></span> <span class='ocrx_word' id='word_1_5' title='bbox 852 317 860 325; x_wconf 93' lang='lat'><strong>-·</strong></span> 
     </span>
    </p>
   </div>
   <div class='ocr_carea' id='block_1_2' title="bbox 62 454 1206 1055">
    <p class='ocr_par' dir='ltr' id='par_1_2' title="bbox 137 454 1206 715">
     <span class='ocr_line' id='line_1_2' title="bbox 137 454 1170 549; baseline 0.013 -27"><span class='ocrx_word' id='word_1_6' title='bbox 137 454 179 524; x_wconf 85' lang='lat' dir='ltr'><strong>D.</strong></span> <span class='ocrx_word' id='word_1_7' title='bbox 199 454 257 523; x_wconf 79' lang='lat' dir='ltr'><strong>Nil</strong></span> <span class='ocrx_word' id='word_1_8' title='bbox 275 472 410 549; x_wconf 76' lang='lat' dir='ltr'><strong>propter</strong></span> <span class='ocrx_word' id='word_1_9' title='bbox 427 460 512 525; x_wconf 68' lang='lat' dir='ltr'><strong>iisne</strong></span> <span class='ocrx_word' id='word_1_10' title='bbox 532 481 623 545; x_wconf 83' lang='lat' dir='ltr'><strong>rem3</strong></span> <span class='ocrx_word' id='word_1_11' title='bbox 645 466 715 536; x_wconf 87' lang='lat' dir='ltr'><strong>sed,</strong></span> <span class='ocrx_word' id='word_1_12' title='bbox 738 466 821 549; x_wconf 88' lang='lat' dir='ltr'><strong>quod</strong></span> <span class='ocrx_word' id='word_1_13' title='bbox 842 482 1003 533; x_wconf 73' lang='lat' dir='ltr'><strong>suscenset</strong></span> <span class='ocrx_word' id='word_1_14' title='bbox 1022 474 1094 535; x_wconf 87' lang='lat' dir='ltr'><strong>tibi.</strong></span> <span class='ocrx_word' id='word_1_15' title='bbox 1109 519 1117 534; x_wconf 95' lang='lat'><strong>.</strong></span> <span class='ocrx_word' id='word_1_16' title='bbox 1135 520 1143 537; x_wconf 99' lang='lat'><strong>.</strong></span> <span class='ocrx_word' id='word_1_17' title='bbox 1162 520 1170 535; x_wconf 96' lang='lat'><strong>.</strong></span> 
     </span>
     <span class='ocr_line' id='line_1_3' title="bbox 138 544 1206 627; baseline 0.009 -20"><span class='ocrx_word' id='word_1_18' title='bbox 138 544 170 607; x_wconf 88' lang='grc'><strong>8.</strong></span> <span class='ocrx_word' id='word_1_19' title='bbox 193 544 358 625; x_wconf 80' lang='lat' dir='ltr'><strong>Quidnam</strong></span> <span class='ocrx_word' id='word_1_20' title='bbox 379 544 462 614; x_wconf 78' lang='lat' dir='ltr'><strong>est?¹</strong></span> <span class='ocrx_word' id='word_1_21' title='bbox 482 546 525 610; x_wconf 90' lang='lat' dir='ltr'><strong>D.</strong></span> <span class='ocrx_word' id='word_1_22' title='bbox 537 546 667 613; x_wconf 89' lang='lat' dir='ltr'><strong>Puerile</strong></span> <span class='ocrx_word' id='word_1_23' title='bbox 689 562 745 612; x_wconf 87' lang='lat' dir='ltr'><strong>est.</strong></span> <span class='ocrx_word' id='word_1_24' title='bbox 774 546 805 613; x_wconf 90' lang='grc'><strong>8.</strong></span> <span class='ocrx_word' id='word_1_25' title='bbox 827 550 913 627; x_wconf 85' lang='lat' dir='ltr'><strong>Quid</strong></span> <span class='ocrx_word' id='word_1_26' title='bbox 933 554 966 612; x_wconf 93' lang='lat' dir='ltr'><strong>id</strong></span> <span class='ocrx_word' id='word_1_27' title='bbox 987 551 1055 621; x_wconf 70' lang='lat' dir='ltr'><strong>est?</strong></span> <span class='ocrx_word' id='word_1_28' title='bbox 1085 554 1124 619; x_wconf 89' lang='lat' dir='ltr'><strong>D.</strong></span> <span class='ocrx_word' id='word_1_29' title='bbox 1139 557 1206 621; x_wconf 87' lang='lat' dir='ltr'><strong>Nii.</strong></span> 
     </span>
     <span class='ocr_line' id='line_1_4' title="bbox 259 628 1081 715; baseline 0.013 -28"><span class='ocrx_word' id='word_1_30' title='bbox 259 628 263 633; x_wconf 80' lang='grc'><strong>’</strong></span> <span class='ocrx_word' id='word_1_31' title='bbox 313 638 316 643; x_wconf 88' lang='grc'><strong>“</strong></span> <span class='ocrx_word' id='word_1_32' title='bbox 656 630 686 695; x_wconf 89' lang='grc'><strong>8.</strong></span> <span class='ocrx_word' id='word_1_33' title='bbox 711 632 888 715; x_wconf 65' lang='lat' dir='ltr'><strong>Quin‘dic,</strong></span> <span class='ocrx_word' id='word_1_34' title='bbox 911 636 988 715; x_wconf 86' lang='lat' dir='ltr'><strong>quid</strong></span> <span class='ocrx_word' id='word_1_35' title='bbox 1008 636 1081 705; x_wconf 64' lang='lat' dir='ltr'><strong>est?</strong></span> 
     </span>
    </p>

    <p class='ocr_par' dir='ltr' id='par_1_3' title="bbox 62 706 1205 1055">
     <span class='ocr_line' id='line_1_5' title="bbox 134 706 1203 799; baseline 0.012 -30"><span class='ocrx_word' id='word_1_36' title='bbox 134 706 176 771; x_wconf 90' lang='lat' dir='ltr'><strong>D.</strong></span> <span class='ocrx_word' id='word_1_37' title='bbox 193 714 258 786; x_wconf 81' lang='lat' dir='ltr'><strong>Ait,</strong></span> <span class='ocrx_word' id='word_1_38' title='bbox 279 714 422 775; x_wconf 85' lang='lat' dir='ltr'><strong>nimium</strong></span> <span class='ocrx_word' id='word_1_39' title='bbox 441 734 536 799; x_wconf 84' lang='lat' dir='ltr'><strong>perce</strong></span> <span class='ocrx_word' id='word_1_40' title='bbox 556 715 663 777; x_wconf 83' lang='lat' dir='ltr'><strong>facere</strong></span> <span class='ocrx_word' id='word_1_41' title='bbox 684 728 837 779; x_wconf 83' lang='lat' dir='ltr'><strong>sumtum.</strong></span> <span class='ocrx_word' id='word_1_42' title='bbox 879 716 909 778; x_wconf 90' lang='lat' dir='ltr'><strong>S.</strong></span> <span class='ocrx_word' id='word_1_43' title='bbox 927 715 1048 789; x_wconf 68' lang='lat' dir='ltr'><strong>Mene?</strong></span> <span class='ocrx_word' id='word_1_44' title='bbox 1088 720 1129 783; x_wconf 87' lang='lat' dir='ltr'><strong>D.</strong></span> <span class='ocrx_word' id='word_1_45' title='bbox 1142 720 1203 782; x_wconf 86' lang='lat' dir='ltr'><strong>Te.</strong></span> 
     </span>
     <span class='ocr_line' id='line_1_6' title="bbox 140 792 1205 877; baseline 0.01 -19"><span class='ocrx_word' id='word_1_46' title='bbox 140 796 177 858; x_wconf 84' lang='lat' dir='ltr'><em>V</em></span> <span class='ocrx_word' id='word_1_47' title='bbox 176 796 217 854; x_wconf 79' lang='lat' dir='ltr'><strong>ix</strong></span> <span class='ocrx_word' id='word_1_48' title='bbox 237 792 447 871; x_wconf 62' lang='lat' dir='ltr'><strong>obseruatus.</strong></span> <span class='ocrx_word' id='word_1_49' title='bbox 461 801 586 877; x_wconf 86' lang='lat' dir='ltr'><strong>inquit,</strong></span> <span class='ocrx_word' id='word_1_50' title='bbox 608 810 659 859; x_wconf 88' lang='lat' dir='ltr'><strong>est</strong></span> <span class='ocrx_word' id='word_1_51' title='bbox 680 798 848 861; x_wconf 79' lang='lat' dir='ltr'><strong>drachmis</strong></span> <span class='ocrx_word' id='word_1_52' title='bbox 867 800 996 864; x_wconf 83' lang='lat' dir='ltr'><strong>decem:</strong></span> <span class='ocrx_word' id='word_1_53' title='bbox 1092 826 1095 831; x_wconf 90' lang='lat'>·</span> <span class='ocrx_word' id='word_1_54' title='bbox 1160 806 1205 869; x_wconf 76' lang='lat'><strong>20</strong></span> 
     </span>
     <span class='ocr_line' id='line_1_7' title="bbox 137 878 1125 969; baseline 0.008 -32"><span class='ocrx_word' id='word_1_55' title='bbox 137 878 229 938; x_wconf 85' lang='lat' dir='ltr'><strong>Num</strong></span> <span class='ocrx_word' id='word_1_56' title='bbox 243 878 325 969; x_wconf 81' lang='lat' dir='ltr'><strong>filio</strong></span> <span class='ocrx_word' id='word_1_57' title='bbox 345 880 481 955; x_wconf 75' lang='lat' dir='ltr'><strong>videtur</strong></span> <span class='ocrx_word' id='word_1_58' title='bbox 503 902 638 943; x_wconf 82' lang='lat' dir='ltr'><strong>uxorem</strong></span> <span class='ocrx_word' id='word_1_59' title='bbox 660 882 764 943; x_wconf 81' lang='lat' dir='ltr'><strong>dare?</strong></span> <span class='ocrx_word' id='word_1_60' title='bbox 1122 882 1125 889; x_wconf 75' lang='lat'>&#39;</span> 
     </span>
     <span class='ocr_line' id='line_1_8' title="bbox 62 958 1159 1055; baseline 0.01 -34"><span class='ocrx_word' id='word_1_61' title='bbox 62 976 74 999; x_wconf 86' lang='grc'><strong>“</strong></span> <span class='ocrx_word' id='word_1_62' title='bbox 141 958 266 1055; x_wconf 67' lang='lat' dir='ltr'><strong>Quem,</strong></span> <span class='ocrx_word' id='word_1_63' title='bbox 287 966 414 1042; x_wconf 82' lang='lat' dir='ltr'><strong>inquit,</strong></span> <span class='ocrx_word' id='word_1_64' title='bbox 435 964 563 1026; x_wconf 83' lang='lat' dir='ltr'><em>vocabo</em></span> <span class='ocrx_word' id='word_1_65' title='bbox 585 964 631 1025; x_wconf 81' lang='lat' dir='ltr'><strong>ad</strong></span> <span class='ocrx_word' id='word_1_66' title='bbox 653 986 784 1026; x_wconf 83' lang='lat' dir='ltr'><strong>coenam</strong></span> <span class='ocrx_word' id='word_1_67' title='bbox 806 986 948 1027; x_wconf 84' lang='lat' dir='ltr'><strong>meorum</strong></span> <span class='ocrx_word' id='word_1_68' title='bbox 969 967 1159 1050; x_wconf 74' lang='lat' dir='ltr'><strong>aequalium</strong></span> 
     </span>
    </p>
   </div>
   <div class='ocr_carea' id='block_1_3' title="bbox 19 1046 1039 1127">
    <p class='ocr_par' dir='ltr' id='par_1_4' title="bbox 19 1046 1039 1127">
     <span class='ocr_line' id='line_1_9' title="bbox 19 1046 1039 1127; baseline -0.004 -15"><span class='ocrx_word' id='word_1_69' title='bbox 19 1068 20 1072; x_wconf 75' lang='grc'>’</span> <span class='ocrx_word' id='word_1_70' title='bbox 133 1048 347 1125; x_wconf 77' lang='lat' dir='ltr'><strong>Potissimum</strong></span> <span class='ocrx_word' id='word_1_71' title='bbox 368 1048 477 1127; x_wconf 66' lang='lat' dir='ltr'><strong>nuuc?</strong></span> <span class='ocrx_word' id='word_1_72' title='bbox 507 1046 566 1119; x_wconf 83' lang='lat' dir='ltr'><strong>Et,</strong></span> <span class='ocrx_word' id='word_1_73' title='bbox 588 1046 674 1127; x_wconf 88' lang='lat' dir='ltr'><strong>quod</strong></span> <span class='ocrx_word' id='word_1_74' title='bbox 696 1046 871 1109; x_wconf 88' lang='lat' dir='ltr'><strong>dicendum</strong></span> <span class='ocrx_word' id='word_1_75' title='bbox 892 1047 946 1109; x_wconf 88' lang='lat' dir='ltr'><strong>hic</strong></span> <span class='ocrx_word' id='word_1_76' title='bbox 968 1051 1039 1124; x_wconf 86' lang='lat' dir='ltr'><strong>siet,</strong></span> 
     </span>
    </p>
   </div>
   <div class='ocr_carea' id='block_1_4' title="bbox 68 1124 1199 1462">
    <p class='ocr_par' dir='ltr' id='par_1_5' title="bbox 130 1124 1199 1377">
     <span class='ocr_line' id='line_1_10' title="bbox 130 1124 1105 1229; baseline 0 -36"><span class='ocrx_word' id='word_1_77' title='bbox 130 1132 183 1193; x_wconf 88' lang='lat' dir='ltr'><strong>Tu</strong></span> <span class='ocrx_word' id='word_1_78' title='bbox 204 1149 333 1209; x_wconf 82' lang='lat' dir='ltr'><strong>quqque</strong></span> <span class='ocrx_word' id='word_1_79' title='bbox 353 1150 505 1229; x_wconf 85' lang='lat' dir='ltr'><strong>perparce</strong></span> <span class='ocrx_word' id='word_1_80' title='bbox 525 1124 683 1192; x_wconf 70' lang='lat' dir='ltr'><strong>nimium.</strong></span> <span class='ocrx_word' id='word_1_81' title='bbox 710 1130 783 1191; x_wconf 91' lang='lat' dir='ltr'><strong>Non</strong></span> <span class='ocrx_word' id='word_1_82' title='bbox 804 1130 912 1194; x_wconf 81' lang='lat' dir='ltr'><strong>leudo.</strong></span> <span class='ocrx_word' id='word_1_83' title='bbox 956 1131 987 1195; x_wconf 89' lang='lat' dir='ltr'><strong>S.</strong></span> <span class='ocrx_word' id='word_1_84' title='bbox 1009 1130 1105 1195; x_wconf 85' lang='lat' dir='ltr'><strong>Tace.</strong></span> 
     </span>
     <span class='ocr_line' id='line_1_11' title="bbox 130 1212 1199 1299; baseline 0.008 -27"><span class='ocrx_word' id='word_1_85' title='bbox 130 1216 171 1279; x_wconf 83' lang='lat' dir='ltr'><strong>D,</strong></span> <span class='ocrx_word' id='word_1_86' title='bbox 193 1212 375 1275; x_wconf 76' lang='lat' dir='ltr'><strong>common.</strong></span> <span class='ocrx_word' id='word_1_87' title='bbox 419 1212 449 1275; x_wconf 93' lang='lat' dir='ltr'><strong>S.</strong></span> <span class='ocrx_word' id='word_1_88' title='bbox 469 1218 560 1299; x_wconf 74' lang='lat' dir='ltr'><strong>Ege,</strong></span> <span class='ocrx_word' id='word_1_89' title='bbox 581 1215 689 1291; x_wconf 80' lang='lat' dir='ltr'><strong>istaec&#39;</strong></span> <span class='ocrx_word' id='word_1_90' title='bbox 705 1227 792 1275; x_wconf 86' lang='lat' dir='ltr'><strong>recte</strong></span> <span class='ocrx_word' id='word_1_91' title='bbox 816 1228 856 1273; x_wconf 91' lang='lat' dir='ltr'><strong>ut</strong></span> <span class='ocrx_word' id='word_1_92' title='bbox 877 1214 969 1286; x_wconf 84' lang='lat' dir='ltr'><strong>fiant,</strong></span> <span class='ocrx_word' id='word_1_93' title='bbox 991 1216 1107 1277; x_wconf 87' lang='lat' dir='ltr'><strong>videro.</strong></span> <span class='ocrx_word' id='word_1_94' title='bbox 1157 1218 1199 1281; x_wconf 65' lang='lat'><strong>25</strong></span> 
     </span>
     <span class='ocr_line' id='line_1_12' title="bbox 131 1294 1098 1377; baseline 0.001 -20"><span class='ocrx_word' id='word_1_95' title='bbox 131 1294 295 1377; x_wconf 82' lang='lat' dir='ltr'><strong>Quidnam</strong></span> <span class='ocrx_word' id='word_1_96' title='bbox 317 1298 379 1358; x_wconf 92' lang='lat' dir='ltr'><strong>hoc</strong></span> <span class='ocrx_word' id='word_1_97' title='bbox 401 1299 542 1360; x_wconf 83' lang='lat' dir='ltr'><strong>rei&#39;est?</strong></span> <span class='ocrx_word' id='word_1_98' title='bbox 566 1298 645 1376; x_wconf 85' lang='lat' dir='ltr'><strong>quid¹</strong></span> <span class='ocrx_word' id='word_1_99' title='bbox 662 1294 716 1358; x_wconf 85' lang='lat' dir='ltr'><strong>hic</strong></span> <span class='ocrx_word' id='word_1_100' title='bbox 737 1294 802 1356; x_wconf 87' lang='lat' dir='ltr'><strong>volt</strong></span> <span class='ocrx_word' id='word_1_101' title='bbox 820 1308 980 1358; x_wconf 73' lang='lat' dir='ltr'><strong>ueterator-</strong></span> <span class='ocrx_word' id='word_1_102' title='bbox 998 1298 1098 1359; x_wconf 82' lang='lat' dir='ltr'><strong>sibi?·</strong></span> 
     </span>
    </p>

    <p class='ocr_par' dir='ltr' id='par_1_6' title="bbox 68 1378 1197 1462">
     <span class='ocr_line' id='line_1_13' title="bbox 68 1378 1197 1462; baseline 0.004 -23"><span class='ocrx_word' id='word_1_103' title='bbox 68 1418 72 1439; x_wconf 86' lang='lat'><strong>.</strong></span> <span class='ocrx_word' id='word_1_104' title='bbox 129 1384 215 1447; x_wconf 86' lang='lat' dir='ltr'><strong>Nem</strong></span> <span class='ocrx_word' id='word_1_105' title='bbox 228 1380 256 1440; x_wconf 89' lang='lat' dir='ltr'><strong>si</strong></span> <span class='ocrx_word' id='word_1_106' title='bbox 269 1378 323 1439; x_wconf 88' lang='lat' dir='ltr'><strong>hic</strong></span> <span class='ocrx_word' id='word_1_107' title='bbox 340 1380 419 1443; x_wconf 81' lang='lat' dir='ltr'><strong>muli</strong></span> <span class='ocrx_word' id='word_1_108' title='bbox 434 1395 482 1444; x_wconf 89' lang='lat' dir='ltr'><strong>est</strong></span> <span class='ocrx_word' id='word_1_109' title='bbox 496 1380 690 1462; x_wconf 85' lang='lat' dir='ltr'><strong>quidquam:</strong></span> <span class='ocrx_word' id='word_1_110' title='bbox 710 1379 788 1439; x_wconf 91' lang='lat' dir='ltr'><strong>hem</strong></span> <span class='ocrx_word' id='word_1_111' title='bbox 804 1378 871 1439; x_wconf 84' lang='lat' dir='ltr'><strong>illic</strong></span> <span class='ocrx_word' id='word_1_112' title='bbox 885 1392 933 1440; x_wconf 90' lang='lat' dir='ltr'><strong>est</strong></span> <span class='ocrx_word' id='word_1_113' title='bbox 946 1380 1025 1442; x_wconf 89' lang='lat' dir='ltr'><strong>huic</strong></span> <span class='ocrx_word' id='word_1_114' title='bbox 1041 1402 1076 1442; x_wconf 87' lang='lat' dir='ltr'><strong>re</strong></span> <span class='ocrx_word' id='word_1_115' title='bbox 1091 1396 1197 1462; x_wconf 85' lang='lat' dir='ltr'><strong>caput.</strong></span> 
     </span>
    </p>
   </div>
   <div class='ocr_carea' id='block_1_5' title="bbox 538 1498 787 1511">
    <p class='ocr_par' dir='ltr' id='par_1_7' title="bbox 538 1498 787 1511">
     <span class='ocr_line' id='line_1_14' title="bbox 538 1498 787 1511; baseline 0.004 -3"><span class='ocrx_word' id='word_1_116' title='bbox 538 1500 580 1509; x_wconf 73' lang='lat' dir='ltr'>--n-</span> <span class='ocrx_word' id='word_1_117' title='bbox 584 1498 787 1511; x_wconf 42' lang='grc' dir='ltr'><strong>φοι-κά·-</strong></span> 
     </span>
    </p>
   </div>
   <div class='ocr_carea' id='block_1_6' title="bbox 164 1548 1156 1915">
    <p class='ocr_par' dir='ltr' id='par_1_8' title="bbox 164 1548 1156 1915">
     <span class='ocr_line' id='line_1_15' title="bbox 419 1548 895 1673; baseline -0.008 0"><span class='ocrx_word' id='word_1_118' title='bbox 419 1548 895 1673; x_wconf 70' lang='lat' dir='ltr'><strong>Acuussn</strong></span> 
     </span>
     <span class='ocr_line' id='line_1_16' title="bbox 190 1718 783 1819; baseline -0.002 -27"><span class='ocrx_word' id='word_1_119' title='bbox 190 1809 193 1814; x_wconf 23' lang='lat'>¹</span> <span class='ocrx_word' id='word_1_120' title='bbox 365 1718 367 1723; x_wconf 80' lang='grc'><strong>’</strong></span> <span class='ocrx_word' id='word_1_121' title='bbox 538 1725 783 1819; x_wconf 70' lang='lat' dir='ltr'><strong>sesnes.</strong></span> 
     </span>
     <span class='ocr_line' id='line_1_17' title="bbox 164 1834 1156 1915; baseline 0 -14"><span class='ocrx_word' id='word_1_122' title='bbox 164 1838 311 1915; x_wconf 86' lang='lat' dir='ltr'><strong>MYSIS,</strong></span> <span class='ocrx_word' id='word_1_123' title='bbox 340 1840 466 1915; x_wconf 90' lang='lat' dir='ltr'><strong>SIMO,</strong></span> <span class='ocrx_word' id='word_1_124' title='bbox 493 1834 653 1913; x_wconf 75' lang='lat' dir='ltr'>D&#39;AVUS,</span> <span class='ocrx_word' id='word_1_125' title='bbox 674 1834 849 1913; x_wconf 82' lang='lat' dir='ltr'><strong>LESBIA,</strong></span> <span class='ocrx_word' id='word_1_126' title='bbox 877 1838 1156 1905; x_wconf 85' lang='lat' dir='ltr'><strong>GLYCERIUM..</strong></span> 
     </span>
    </p>
   </div>
   <div class='ocr_carea' id='block_1_7' title="bbox 114 1933 1229 2793">
    <p class='ocr_par' dir='ltr' id='par_1_9' title="bbox 114 1933 1229 2793">
     <span class='ocr_line' id='line_1_18' title="bbox 121 1933 1167 2047; baseline -0.001 -26"><span class='ocrx_word' id='word_1_127' title='bbox 121 1961 170 2022; x_wconf 88' lang='lat' dir='ltr'><strong>M.</strong></span> <span class='ocrx_word' id='word_1_128' title='bbox 190 1933 247 2020; x_wconf 79' lang='lat' dir='ltr'><strong>Its</strong></span> <span class='ocrx_word' id='word_1_129' title='bbox 267 1959 325 2039; x_wconf 81' lang='lat' dir='ltr'><strong>poi</strong></span> <span class='ocrx_word' id='word_1_130' title='bbox 344 1957 476 2038; x_wconf 87' lang='lat' dir='ltr'><strong>quidem</strong></span> <span class='ocrx_word' id='word_1_131' title='bbox 496 1979 548 2019; x_wconf 85' lang='lat' dir='ltr'><strong>res</strong></span> <span class='ocrx_word' id='word_1_132' title='bbox 569 1971 634 2027; x_wconf 87' lang='lat' dir='ltr'><strong>est,</strong></span> <span class='ocrx_word' id='word_1_133' title='bbox 656 1966 695 2015; x_wconf 88' lang='lat' dir='ltr'><strong>ut</strong></span> <span class='ocrx_word' id='word_1_134' title='bbox 710 1955 818 2047; x_wconf 85' lang='lat' dir='ltr'><strong>dixti,</strong></span> <span class='ocrx_word' id='word_1_135' title='bbox 838 1957 970 2020; x_wconf 77' lang='lat' dir='ltr'><strong>Lesbia:</strong></span> <span class='ocrx_word' id='word_1_136' title='bbox 1058 1961 1081 2019; x_wconf 85' lang='lat' dir='ltr'><strong>i.</strong></span> <span class='ocrx_word' id='word_1_137' title='bbox 1101 1980 1127 2041; x_wconf 75' lang='lat' dir='ltr'><strong>s,</strong></span> <span class='ocrx_word' id='word_1_138' title='bbox 1159 2008 1167 2027; x_wconf 88' lang='lat'><strong>.</strong></span> 
     </span>
     <span class='ocr_line' id='line_1_19' title="bbox 119 2046 951 2111; baseline -0.001 -2"><span class='ocrx_word' id='word_1_139' title='bbox 119 2049 267 2111; x_wconf 81' lang='lat' dir='ltr'><strong>Fidelem</strong></span> <span class='ocrx_word' id='word_1_140' title='bbox 286 2048 373 2109; x_wconf 83' lang='lat' dir='ltr'><strong>heud</strong></span> <span class='ocrx_word' id='word_1_141' title='bbox 393 2049 499 2110; x_wconf 83' lang='lat' dir='ltr'><strong>ferme</strong></span> <span class='ocrx_word' id='word_1_142' title='bbox 519 2046 649 2107; x_wconf 90' lang='lat' dir='ltr'><strong>mulieri</strong></span> <span class='ocrx_word' id='word_1_143' title='bbox 669 2047 812 2107; x_wconf 82' lang='lat' dir='ltr'><strong>invenias</strong></span> <span class='ocrx_word' id='word_1_144' title='bbox 832 2048 951 2109; x_wconf 83' lang='lat' dir='ltr'><strong>virum.</strong></span> 
     </span>
     <span class='ocr_line' id='line_1_20' title="bbox 119 2126 1206 2209; baseline 0.001 -18"><span class='ocrx_word' id='word_1_145' title='bbox 119 2132 167 2209; x_wconf 86' lang='lat' dir='ltr'><strong>(S.</strong></span> <span class='ocrx_word' id='word_1_146' title='bbox 179 2132 228 2192; x_wconf 78' lang='lat' dir='ltr'><strong>sb</strong></span> <span class='ocrx_word' id='word_1_147' title='bbox 243 2131 365 2193; x_wconf 83' lang='lat' dir='ltr'><strong>Andria</strong></span> <span class='ocrx_word' id='word_1_148' title='bbox 380 2145 428 2190; x_wconf 86' lang='lat' dir='ltr'><strong>est</strong></span> <span class='ocrx_word' id='word_1_149' title='bbox 441 2130 560 2191; x_wconf 80' lang='lat' dir='ltr'><strong>ancille</strong></span> <span class='ocrx_word' id='word_1_150' title='bbox 574 2129 677 2189; x_wconf 83' lang='lat' dir='ltr'><strong>haec?</strong></span> <span class='ocrx_word' id='word_1_151' title='bbox 698 2126 739 2189; x_wconf 86' lang='lat' dir='ltr'><strong>D.</strong></span> <span class='ocrx_word' id='word_1_152' title='bbox 754 2128 842 2205; x_wconf 87' lang='lat' dir='ltr'><strong>Quid</strong></span> <span class='ocrx_word' id='word_1_153' title='bbox 855 2126 987 2197; x_wconf 68' lang='lat' dir='ltr'><strong>narres?</strong></span> <span class='ocrx_word' id='word_1_154' title='bbox 1009 2126 1039 2189; x_wconf 88' lang='lat' dir='ltr'><strong>S.</strong></span> <span class='ocrx_word' id='word_1_155' title='bbox 1050 2129 1206 2208; x_wconf 62' lang='lat' dir='ltr'><strong>Iteesti).</strong></span> 
     </span>
     <span class='ocr_line' id='line_1_21' title="bbox 119 2208 1190 2294; baseline 0 -21"><span class='ocrx_word' id='word_1_156' title='bbox 119 2212 169 2277; x_wconf 91' lang='lat' dir='ltr'><strong>M.</strong></span> <span class='ocrx_word' id='word_1_157' title='bbox 191 2215 254 2276; x_wconf 88' lang='lat' dir='ltr'><strong>Sed</strong></span> <span class='ocrx_word' id='word_1_158' title='bbox 272 2214 328 2274; x_wconf 86' lang='lat' dir='ltr'><strong>hic</strong></span> <span class='ocrx_word' id='word_1_159' title='bbox 347 2212 608 2294; x_wconf 71' lang='lat' dir='ltr'><strong>Pamphilus...</strong></span> <span class='ocrx_word' id='word_1_160' title='bbox 654 2208 686 2272; x_wconf 91' lang='grc'><strong>8.</strong></span> <span class='ocrx_word' id='word_1_161' title='bbox 702 2208 792 2286; x_wconf 85' lang='lat' dir='ltr'><strong>Quid</strong></span> <span class='ocrx_word' id='word_1_162' title='bbox 813 2213 922 2273; x_wconf 82' lang='lat' dir='ltr'><strong>dicet?</strong></span> <span class='ocrx_word' id='word_1_163' title='bbox 965 2210 1013 2272; x_wconf 94' lang='lat' dir='ltr'><strong>M.</strong></span> <span class='ocrx_word' id='word_1_164' title='bbox 1026 2214 1190 2276; x_wconf 65' lang='lat' dir='ltr'><strong>Firmtvit</strong></span> 
     </span>
     <span class='ocr_line' id='line_1_22' title="bbox 373 2266 1208 2370; baseline 0.004 -15"><span class='ocrx_word' id='word_1_165' title='bbox 373 2294 379 2315; x_wconf 90' lang='lat'><strong><em>¹</em></strong></span> <span class='ocrx_word' id='word_1_166' title='bbox 637 2293 834 2357; x_wconf 85' lang='lat' dir='ltr'><strong>fidem...</strong></span> <span class='ocrx_word' id='word_1_167' title='bbox 877 2266 1048 2370; x_wconf 75' lang='lat' dir='ltr'><strong>(S.Hemi</strong></span> <span class='ocrx_word' id='word_1_168' title='bbox 1110 2306 1113 2313; x_wconf 91' lang='lat'>&#39;</span> <span class='ocrx_word' id='word_1_169' title='bbox 1150 2350 1154 2357; x_wconf 90' lang='lat'><strong>.</strong></span> <span class='ocrx_word' id='word_1_170' title='bbox 1205 2294 1208 2299; x_wconf 75' lang='grc'><strong>’</strong></span> 
     </span>
     <span class='ocr_line' id='line_1_23' title="bbox 116 2375 1187 2455; baseline -0.005 -15"><span class='ocrx_word' id='word_1_171' title='bbox 116 2379 158 2440; x_wconf 86' lang='lat' dir='ltr'><strong>D.</strong></span> <span class='ocrx_word' id='word_1_172' title='bbox 178 2379 314 2441; x_wconf 86' lang='lat' dir='ltr'><strong>Utinam</strong></span> <span class='ocrx_word' id='word_1_173' title='bbox 337 2392 393 2440; x_wconf 83' lang='lat' dir='ltr'><strong>aut</strong></span> <span class='ocrx_word' id='word_1_174' title='bbox 414 2376 468 2440; x_wconf 85' lang='lat' dir='ltr'><strong>his</strong></span> <span class='ocrx_word' id='word_1_175' title='bbox 489 2377 619 2455; x_wconf 75' lang='lat' dir='ltr'><strong>surdus,</strong></span> <span class='ocrx_word' id='word_1_176' title='bbox 642 2387 698 2438; x_wconf 86' lang='lat' dir='ltr'><strong>eut</strong></span> <span class='ocrx_word' id='word_1_177' title='bbox 717 2376 798 2437; x_wconf 78' lang='lat' dir='ltr'><strong>haec</strong></span> <span class='ocrx_word' id='word_1_178' title='bbox 819 2392 911 2439; x_wconf 87' lang='lat' dir='ltr'><strong>muta</strong></span> <span class='ocrx_word' id='word_1_179' title='bbox 932 2380 1016 2438; x_wconf 84' lang='lat' dir='ltr'><strong>fecta</strong></span> <span class='ocrx_word' id='word_1_180' title='bbox 1037 2375 1112 2454; x_wconf 82' lang='lat' dir='ltr'><strong>siti)</strong></span> <span class='ocrx_word' id='word_1_181' title='bbox 1166 2383 1187 2445; x_wconf 84' lang='lat'>5</span> 
     </span>
     <span class='ocr_line' id='line_1_24' title="bbox 116 2457 1112 2544; baseline -0.002 -21"><span class='ocrx_word' id='word_1_182' title='bbox 116 2464 165 2525; x_wconf 90' lang='lat' dir='ltr'><strong>M.</strong></span> <span class='ocrx_word' id='word_1_183' title='bbox 187 2466 274 2525; x_wconf 86' lang='lat' dir='ltr'><strong>Nam</strong></span> <span class='ocrx_word' id='word_1_184' title='bbox 294 2463 381 2544; x_wconf 85' lang='lat' dir='ltr'><strong>quo&#39;d</strong></span> <span class='ocrx_word' id='word_1_185' title='bbox 401 2463 592 2542; x_wconf 79' lang='lat' dir='ltr'><strong>peperisset,</strong></span> <span class='ocrx_word' id='word_1_186' title='bbox 614 2461 707 2537; x_wconf 84' lang='lat' dir='ltr'><strong>jussit</strong></span> <span class='ocrx_word' id='word_1_187' title='bbox 728 2458 810 2523; x_wconf 86' lang='lat' dir='ltr'><strong>tolli.</strong></span> <span class='ocrx_word' id='word_1_188' title='bbox 855 2457 902 2539; x_wconf 90' lang='lat' dir='ltr'><strong>(S.</strong></span> <span class='ocrx_word' id='word_1_189' title='bbox 926 2462 954 2522; x_wconf 87' lang='lat'>0</span> <span class='ocrx_word' id='word_1_190' title='bbox 975 2462 1112 2541; x_wconf 81' lang='lat' dir='ltr'><strong>Jupiter,</strong></span> 
     </span>
     <span class='ocr_line' id='line_1_25' title="bbox 117 2537 1185 2628; baseline 0.001 -22"><span class='ocrx_word' id='word_1_191' title='bbox 117 2537 205 2624; x_wconf 83' lang='lat' dir='ltr'><strong>Quid</strong></span> <span class='ocrx_word' id='word_1_192' title='bbox 219 2566 279 2628; x_wconf 83' lang='lat' dir='ltr'><strong>ego</strong></span> <span class='ocrx_word' id='word_1_193' title='bbox 294 2544 412 2609; x_wconf 72' lang='lat' dir='ltr'><strong>audio?</strong></span> <span class='ocrx_word' id='word_1_194' title='bbox 428 2546 614 2617; x_wconf 76' lang='lat' dir='ltr'><strong>notamen,</strong></span> <span class='ocrx_word' id='word_1_195' title='bbox 631 2546 656 2607; x_wconf 90' lang='lat' dir='ltr'><strong>si</strong></span> <span class='ocrx_word' id='word_1_196' title='bbox 671 2542 801 2622; x_wconf 90' lang='lat' dir='ltr'><strong>quidem</strong></span> <span class='ocrx_word' id='word_1_197' title='bbox 814 2545 976 2607; x_wconf 84' lang='lat' dir='ltr'><strong>verehaec</strong></span> <span class='ocrx_word' id='word_1_198' title='bbox 989 2544 1185 2624; x_wconf 74' lang='lat' dir='ltr'><strong>praedicati)</strong></span> 
     </span>
     <span class='ocr_line' id='line_1_26' title="bbox 114 2626 1229 2710; baseline -0.002 -19"><span class='ocrx_word' id='word_1_199' title='bbox 114 2629 152 2692; x_wconf 88' lang='lat' dir='ltr'><strong>L.</strong></span> <span class='ocrx_word' id='word_1_200' title='bbox 172 2631 299 2691; x_wconf 89' lang='lat' dir='ltr'><strong>Bonum</strong></span> <span class='ocrx_word' id='word_1_201' title='bbox 323 2628 532 2689; x_wconf 81' lang='lat' dir='ltr'><strong>adulescentis</strong></span> <span class='ocrx_word' id='word_1_202' title='bbox 553 2647 662 2689; x_wconf 78' lang='lat' dir='ltr'><strong>narras</strong></span> <span class='ocrx_word' id='word_1_203' title='bbox 685 2629 864 2710; x_wconf 86' lang='lat' dir='ltr'><strong>ingenium.</strong></span> <span class='ocrx_word' id='word_1_204' title='bbox 917 2626 965 2688; x_wconf 92' lang='lat' dir='ltr'><strong>M.</strong></span> <span class='ocrx_word' id='word_1_205' title='bbox 988 2627 1183 2704; x_wconf 85' lang='lat' dir='ltr'><strong>Optumum.</strong></span> <span class='ocrx_word' id='word_1_206' title='bbox 1223 2650 1229 2663; x_wconf 73' lang='lat'><strong><em>¹</em></strong></span> 
     </span>
     <span class='ocr_line' id='line_1_27' title="bbox 114 2708 1134 2793; baseline 0.001 -22"><span class='ocrx_word' id='word_1_207' title='bbox 114 2710 176 2773; x_wconf 86' lang='lat' dir='ltr'><strong>Sed</strong></span> <span class='ocrx_word' id='word_1_208' title='bbox 197 2730 330 2793; x_wconf 83' lang='lat' dir='ltr'><strong>sequere</strong></span> <span class='ocrx_word' id='word_1_209' title='bbox 350 2732 403 2773; x_wconf 89' lang='lat' dir='ltr'><strong>me</strong></span> <span class='ocrx_word' id='word_1_210' title='bbox 423 2714 526 2770; x_wconf 87' lang='lat' dir='ltr'><strong>intro:</strong></span> <span class='ocrx_word' id='word_1_211' title='bbox 548 2722 589 2769; x_wconf 87' lang='lat' dir='ltr'><strong>ne</strong></span> <span class='ocrx_word' id='word_1_212' title='bbox 610 2714 645 2771; x_wconf 92' lang='lat' dir='ltr'><strong>in</strong></span> <span class='ocrx_word' id='word_1_213' title='bbox 667 2728 758 2769; x_wconf 83' lang='lat' dir='ltr'><strong>more</strong></span> <span class='ocrx_word' id='word_1_214' title='bbox 779 2713 830 2771; x_wconf 88' lang='lat' dir='ltr'><strong>illi</strong></span> <span class='ocrx_word' id='word_1_215' title='bbox 852 2714 900 2772; x_wconf 86' lang='lat' dir='ltr'><strong>sis.</strong></span> <span class='ocrx_word' id='word_1_216' title='bbox 943 2708 980 2771; x_wconf 88' lang='lat' dir='ltr'><strong>L.</strong></span> <span class='ocrx_word' id='word_1_217' title='bbox 1003 2709 1134 2787; x_wconf 89' lang='lat' dir='ltr'><strong>Sequor.</strong></span> 
     </span>
    </p>
   </div>
   <div class='ocr_carea' id='block_1_8' title="bbox 96 2788 1182 2938">
    <p class='ocr_par' dir='ltr' id='par_1_10' title="bbox 96 2788 1182 2938">
     <span class='ocr_line' id='line_1_28' title="bbox 96 2788 1182 2938; baseline -0.002 -83"><span class='ocrx_word' id='word_1_218' title='bbox 96 2875 98 2879; x_wconf 23' lang='grc' dir='ltr'>Ι</span> <span class='ocrx_word' id='word_1_219' title='bbox 115 2791 172 2874; x_wconf 94' lang='lat' dir='ltr'><strong>(D.</strong></span> <span class='ocrx_word' id='word_1_220' title='bbox 195 2795 289 2876; x_wconf 88' lang='lat' dir='ltr'><strong>Quod</strong></span> <span class='ocrx_word' id='word_1_221' title='bbox 310 2794 492 2859; x_wconf 86' lang='lat' dir='ltr'><strong>remedium</strong></span> <span class='ocrx_word' id='word_1_222' title='bbox 512 2810 600 2852; x_wconf 89' lang='lat' dir='ltr'><strong>nunc</strong></span> <span class='ocrx_word' id='word_1_223' title='bbox 618 2791 800 2934; x_wconf 46' lang='lat' dir='ltr'><strong>iqui02malo</strong></span> <span class='ocrx_word' id='word_1_224' title='bbox 812 2793 977 2855; x_wconf 87' lang='lat' dir='ltr'><strong>inveniam</strong></span> <span class='ocrx_word' id='word_1_225' title='bbox 986 2788 1016 2867; x_wconf 72' lang='lat' dir='ltr'><strong>t)</strong></span> <span class='ocrx_word' id='word_1_226' title='bbox 1042 2791 1182 2938; x_wconf 66' lang='lat' dir='ltr'><strong>S.Qu1ig</strong></span> 
     </span>
     <span class='ocr_line' id='line_1_29' title="bbox 655 2890 694 2933; baseline 0 0"><span class='ocrx_word' id='word_1_227' title='bbox 655 2890 694 2933; x_wconf 86' lang='lat' dir='ltr'><strong>oc</strong></span> 
     </span>
    </p>
   </div>
   <div class='ocr_carea' id='block_1_9' title="bbox 17 2980 1226 4194">
    <p class='ocr_par' dir='ltr' id='par_1_11' title="bbox 17 2980 1226 4194">
     <span class='ocr_line' id='line_1_30' title="bbox 112 2980 1179 3128; baseline -0.003 -24"><span class='ocrx_word' id='word_1_228' title='bbox 112 2986 275 3115; x_wconf 55' lang='grc' dir='ltr'><strong>..ιέἷςῖἷῗ</strong></span> <span class='ocrx_word' id='word_1_229' title='bbox 288 2982 435 3128; x_wconf 57' lang='lat' dir='ltr'><strong>‘diiii</strong></span> <span class='ocrx_word' id='word_1_230' title='bbox 448 2980 659 3121; x_wconf 58' lang='grc' dir='ltr'><strong>ξιὶἔέῗξέἑῐ</strong></span> <span class='ocrx_word' id='word_1_231' title='bbox 676 2982 1179 3104; x_wconf 67' lang='lat' dir='ltr'><strong>iti?tt..⁰titt“t.¹‡.·.³.tf¹t.¹;51</strong></span> 
     </span>
     <span class='ocr_line' id='line_1_31' title="bbox 17 3116 1225 3188; baseline -0.002 -17"><span class='ocrx_word' id='word_1_232' title='bbox 17 3128 20 3133; x_wconf 83' lang='lat'><strong><em>‘</em></strong></span> <span class='ocrx_word' id='word_1_233' title='bbox 111 3119 213 3175; x_wconf 83' lang='lat' dir='ltr'><strong>Gelon.</strong></span> <span class='ocrx_word' id='word_1_234' title='bbox 231 3127 260 3169; x_wconf 90' lang='lat' dir='ltr'><strong>et</strong></span> <span class='ocrx_word' id='word_1_235' title='bbox 276 3136 291 3170; x_wconf 84' lang='lat' dir='ltr'><strong>e</strong></span> <span class='ocrx_word' id='word_1_236' title='bbox 305 3134 348 3170; x_wconf 85' lang='lat' dir='ltr'><strong>rus</strong></span> <span class='ocrx_word' id='word_1_237' title='bbox 366 3117 513 3170; x_wconf 78' lang='lat' dir='ltr'><strong>Stensein</strong></span> <span class='ocrx_word' id='word_1_238' title='bbox 536 3116 575 3168; x_wconf 89' lang='lat' dir='ltr'><strong>ud</strong></span> <span class='ocrx_word' id='word_1_239' title='bbox 591 3118 713 3171; x_wconf 76' lang='lat' dir='ltr'><strong>Palmer.</strong></span> <span class='ocrx_word' id='word_1_240' title='bbox 731 3119 832 3188; x_wconf 76' lang='lat' dir='ltr'><strong>Lamp.</strong></span> <span class='ocrx_word' id='word_1_241' title='bbox 851 3119 968 3169; x_wconf 84' lang='lat' dir='ltr'><strong>Gruter.</strong></span> <span class='ocrx_word' id='word_1_242' title='bbox 985 3133 1017 3182; x_wconf 85' lang='lat' dir='ltr'><strong>q,</strong></span> <span class='ocrx_word' id='word_1_243' title='bbox 1036 3125 1099 3184; x_wconf 76' lang='lat'><strong>458:</strong></span> <span class='ocrx_word' id='word_1_244' title='bbox 1116 3120 1177 3170; x_wconf 85' lang='lat' dir='ltr'><strong>sed</strong></span> <span class='ocrx_word' id='word_1_245' title='bbox 1220 3136 1225 3147; x_wconf 83' lang='lat'><strong><em>¹</em></strong></span> 
     </span>
     <span class='ocr_line' id='line_1_32' title="bbox 110 3138 1178 3263; baseline -0.004 -22"><span class='ocrx_word' id='word_1_246' title='bbox 110 3194 180 3249; x_wconf 83' lang='lat' dir='ltr'><strong>est,</strong></span> <span class='ocrx_word' id='word_1_247' title='bbox 196 3184 296 3255; x_wconf 87' lang='lat' dir='ltr'><strong>qund</strong></span> <span class='ocrx_word' id='word_1_248' title='bbox 308 3193 463 3238; x_wconf 83' lang='lat' dir='ltr'><strong>nenseet</strong></span> <span class='ocrx_word' id='word_1_249' title='bbox 478 3138 569 3249; x_wconf 69' lang='lat' dir='ltr'><strong>udi,</strong></span> <span class='ocrx_word' id='word_1_250' title='bbox 595 3185 671 3262; x_wconf 75' lang='lat' dir='ltr'><strong>sicut</strong></span> <span class='ocrx_word' id='word_1_251' title='bbox 686 3201 872 3263; x_wconf 23' lang='lat' dir='ltr'><strong>censereupro</strong></span> <span class='ocrx_word' id='word_1_252' title='bbox 887 3200 1051 3262; x_wconf 69' lang='lat' dir='ltr'><strong>suscensere</strong></span> <span class='ocrx_word' id='word_1_253' title='bbox 1069 3193 1178 3237; x_wconf 83' lang='lat' dir='ltr'><strong>veteres</strong></span> 
     </span>
     <span class='ocr_line' id='line_1_33' title="bbox 110 3250 1177 3331; baseline -0.003 -24"><span class='ocrx_word' id='word_1_254' title='bbox 110 3254 213 3317; x_wconf 77' lang='lat' dir='ltr'><strong>dixisse</strong></span> <span class='ocrx_word' id='word_1_255' title='bbox 225 3255 313 3305; x_wconf 80' lang='lat' dir='ltr'><strong>Versu</strong></span> <span class='ocrx_word' id='word_1_256' title='bbox 328 3258 430 3303; x_wconf 78' lang='lat' dir='ltr'><strong>eucmr</strong></span> <span class='ocrx_word' id='word_1_257' title='bbox 447 3261 498 3304; x_wconf 88' lang='lat' dir='ltr'><strong>est.</strong></span> <span class='ocrx_word' id='word_1_258' title='bbox 534 3250 863 3321; x_wconf 79' lang='lat' dir='ltr'><strong>18.Siclshriplur1mi.</strong></span> <span class='ocrx_word' id='word_1_259' title='bbox 888 3251 1003 3319; x_wconf 76' lang='lat' dir='ltr'><strong>vulgati</strong></span> <span class='ocrx_word' id='word_1_260' title='bbox 1019 3268 1103 3303; x_wconf 85' lang='lat' dir='ltr'><strong>versu</strong></span> <span class='ocrx_word' id='word_1_261' title='bbox 1114 3270 1177 3331; x_wconf 85' lang='lat' dir='ltr'><strong>pes-</strong></span> 
     </span>
     <span class='ocr_line' id='line_1_34' title="bbox 108 3316 1174 3443; baseline -0.005 -70"><span class='ocrx_word' id='word_1_262' title='bbox 108 3319 257 3373; x_wconf 68' lang='lat' dir='ltr'><strong>sumdatos</strong></span> <span class='ocrx_word' id='word_1_263' title='bbox 267 3316 371 3443; x_wconf 56' lang='lat' dir='ltr'><strong>&#39;Quid</strong></span> <span class='ocrx_word' id='word_1_264' title='bbox 388 3322 461 3375; x_wconf 64' lang='lat' dir='ltr'><strong>est?</strong></span> <span class='ocrx_word' id='word_1_265' title='bbox 485 3319 642 3372; x_wconf 83' lang='lat' dir='ltr'><strong>Senserunt</strong></span> <span class='ocrx_word' id='word_1_266' title='bbox 653 3318 763 3371; x_wconf 82' lang='lat' dir='ltr'><strong>Eresns.</strong></span> <span class='ocrx_word' id='word_1_267' title='bbox 778 3319 882 3387; x_wconf 77' lang='lat' dir='ltr'><strong>Guyet.</strong></span> <span class='ocrx_word' id='word_1_268' title='bbox 897 3318 991 3371; x_wconf 85' lang='lat' dir='ltr'><strong>Bentl.</strong></span> <span class='ocrx_word' id='word_1_269' title='bbox 1026 3334 1066 3368; x_wconf 78' lang='lat' dir='ltr'><strong>so.</strong></span> <span class='ocrx_word' id='word_1_270' title='bbox 1081 3319 1174 3375; x_wconf 64' lang='lat' dir='ltr'><strong>Prin:</strong></span> 
     </span>
     <span class='ocr_line' id='line_1_35' title="bbox 109 3384 1174 3455; baseline -0.004 -15"><span class='ocrx_word' id='word_1_271' title='bbox 109 3388 175 3440; x_wconf 83' lang='lat' dir='ltr'><strong>Vix</strong></span> <span class='ocrx_word' id='word_1_272' title='bbox 194 3399 279 3439; x_wconf 85' lang='lat' dir='ltr'><strong>estu</strong></span> <span class='ocrx_word' id='word_1_273' title='bbox 311 3386 620 3455; x_wconf 81' lang='lat' dir='ltr'><strong>s.inqu.dregmis</strong></span> <span class='ocrx_word' id='word_1_274' title='bbox 638 3384 769 3437; x_wconf 85' lang='lat' dir='ltr'><strong>decem.</strong></span> <span class='ocrx_word' id='word_1_275' title='bbox 787 3388 836 3439; x_wconf 59' lang='lat' dir='ltr'><strong>Vn</strong></span> <span class='ocrx_word' id='word_1_276' title='bbox 850 3385 923 3451; x_wconf 80' lang='lat' dir='ltr'><strong>Vix,</strong></span> <span class='ocrx_word' id='word_1_277' title='bbox 942 3385 1078 3454; x_wconf 79' lang='lat' dir='ltr'><strong>inquit,</strong></span> <span class='ocrx_word' id='word_1_278' title='bbox 1098 3386 1174 3437; x_wconf 84' lang='lat' dir='ltr'><strong>dre·</strong></span> 
     </span>
     <span class='ocr_line' id='line_1_36' title="bbox 109 3452 1173 3521; baseline -0.003 -13"><span class='ocrx_word' id='word_1_279' title='bbox 109 3455 228 3509; x_wconf 79' lang='lat' dir='ltr'><strong>sirmi-s</strong></span> <span class='ocrx_word' id='word_1_280' title='bbox 251 3463 307 3509; x_wconf 86' lang='lat' dir='ltr'><strong>est</strong></span> <span class='ocrx_word' id='word_1_281' title='bbox 324 3452 396 3507; x_wconf 84' lang='lat' dir='ltr'><strong>obs.</strong></span> <span class='ocrx_word' id='word_1_282' title='bbox 413 3452 440 3505; x_wconf 90' lang='lat' dir='ltr'><strong>d.</strong></span> <span class='ocrx_word' id='word_1_283' title='bbox 466 3455 561 3505; x_wconf 86' lang='lat' dir='ltr'><strong>Bentl.</strong></span> <span class='ocrx_word' id='word_1_284' title='bbox 579 3470 613 3507; x_wconf 82' lang='lat' dir='ltr'><strong>ex</strong></span> <span class='ocrx_word' id='word_1_285' title='bbox 630 3468 645 3503; x_wconf 82' lang='lat' dir='ltr'><strong>s</strong></span> <span class='ocrx_word' id='word_1_286' title='bbox 661 3452 742 3505; x_wconf 83' lang='lat' dir='ltr'><strong>codd.</strong></span> <span class='ocrx_word' id='word_1_287' title='bbox 760 3452 923 3521; x_wconf 79' lang='lat' dir='ltr'><strong>primariis:</strong></span> <span class='ocrx_word' id='word_1_288' title='bbox 948 3453 1173 3505; x_wconf 79' lang='lat' dir='ltr'><strong>obsonatum.</strong></span> 
     </span>
     <span class='ocr_line' id='line_1_37' title="bbox 176 3518 1174 3599; baseline -0.003 -24"><span class='ocrx_word' id='word_1_289' title='bbox 176 3524 210 3575; x_wconf 80' lang='lat' dir='ltr'><strong>A.</strong></span> <span class='ocrx_word' id='word_1_290' title='bbox 226 3522 275 3574; x_wconf 86' lang='lat'><strong>111.</strong></span> <span class='ocrx_word' id='word_1_291' title='bbox 294 3521 345 3574; x_wconf 85' lang='lat' dir='ltr'><strong>SC.</strong></span> <span class='ocrx_word' id='word_1_292' title='bbox 364 3522 437 3599; x_wconf 63' lang='lat'><strong>135.</strong></span> <span class='ocrx_word' id='word_1_293' title='bbox 454 3520 535 3573; x_wconf 86' lang='lat' dir='ltr'><strong>Libri</strong></span> <span class='ocrx_word' id='word_1_294' title='bbox 553 3523 709 3575; x_wconf 80' lang='lat' dir='ltr'><strong>affirmate:</strong></span> <span class='ocrx_word' id='word_1_295' title='bbox 734 3520 785 3573; x_wconf 82' lang='lat' dir='ltr'><strong>Ab</strong></span> <span class='ocrx_word' id='word_1_296' title='bbox 802 3519 941 3572; x_wconf 77' lang='lat' dir='ltr'><strong>Andria</strong></span> <span class='ocrx_word' id='word_1_297' title='bbox 957 3527 1012 3570; x_wconf 82' lang='lat' dir='ltr'><strong>est</strong></span> <span class='ocrx_word' id='word_1_298' title='bbox 1029 3518 1174 3572; x_wconf 79' lang='lat' dir='ltr'><strong>sncillu</strong></span> 
     </span>
     <span class='ocr_line' id='line_1_38' title="bbox 109 3584 862 3704; baseline -0.009 -60"><span class='ocrx_word' id='word_1_299' title='bbox 109 3589 207 3643; x_wconf 74' lang='lat' dir='ltr'><strong>haec.</strong></span> <span class='ocrx_word' id='word_1_300' title='bbox 240 3584 296 3647; x_wconf 71' lang='lat' dir='ltr'><strong>Sed</strong></span> <span class='ocrx_word' id='word_1_301' title='bbox 312 3604 373 3645; x_wconf 84' lang='lat' dir='ltr'><strong>non</strong></span> <span class='ocrx_word' id='word_1_302' title='bbox 389 3587 587 3654; x_wconf 71' lang='lat' dir='ltr'><strong>interrogatus</strong></span> <span class='ocrx_word' id='word_1_303' title='bbox 602 3589 709 3651; x_wconf 80' lang='lat' dir='ltr'><strong>Davus,</strong></span> <span class='ocrx_word' id='word_1_304' title='bbox 727 3602 778 3639; x_wconf 86' lang='lat' dir='ltr'><strong>cur</strong></span> <span class='ocrx_word' id='word_1_305' title='bbox 796 3602 862 3704; x_wconf 60' lang='lat' dir='ltr'><strong>reqp</strong></span> 
     </span>
     <span class='ocr_line' id='line_1_39' title="bbox 108 3652 1172 3731; baseline -0.005 -22"><span class='ocrx_word' id='word_1_306' title='bbox 108 3660 185 3713; x_wconf 69' lang='lat' dir='ltr'><strong>res?</strong></span> <span class='ocrx_word' id='word_1_307' title='bbox 209 3654 459 3713; x_wconf 79' lang='lat' dir='ltr'><strong>nuilseauseest.</strong></span> <span class='ocrx_word' id='word_1_308' title='bbox 483 3656 527 3705; x_wconf 84' lang='lat' dir='ltr'><strong>cf.</strong></span> <span class='ocrx_word' id='word_1_309' title='bbox 548 3671 587 3722; x_wconf 82' lang='lat'><strong>²9·</strong></span> <span class='ocrx_word' id='word_1_310' title='bbox 627 3671 652 3719; x_wconf 85' lang='lat'><strong>4.</strong></span> <span class='ocrx_word' id='word_1_311' title='bbox 677 3656 725 3713; x_wconf 74' lang='lat' dir='ltr'><strong>V.;</strong></span> <span class='ocrx_word' id='word_1_312' title='bbox 787 3655 823 3704; x_wconf 92' lang='lat' dir='ltr'><strong>ui</strong></span> <span class='ocrx_word' id='word_1_313' title='bbox 874 3652 991 3705; x_wconf 83' lang='lat' dir='ltr'><strong>dicit?</strong></span> <span class='ocrx_word' id='word_1_314' title='bbox 1013 3652 1172 3731; x_wconf 83' lang='lat' dir='ltr'><strong>quesinnn</strong></span> 
     </span>
     <span class='ocr_line' id='line_1_40' title="bbox 107 3718 1171 3797; baseline -0.006 -20"><span class='ocrx_word' id='word_1_315' title='bbox 107 3724 249 3777; x_wconf 78' lang='lat' dir='ltr'><strong>audiverit</strong></span> <span class='ocrx_word' id='word_1_316' title='bbox 260 3721 347 3778; x_wconf 74' lang='lat' dir='ltr'><strong>serbe</strong></span> <span class='ocrx_word' id='word_1_317' title='bbox 360 3718 499 3781; x_wconf 67' lang='lat' dir='ltr'><strong>ancillans</strong></span> <span class='ocrx_word' id='word_1_318' title='bbox 511 3722 587 3790; x_wconf 82' lang='lat' dir='ltr'><strong>quod</strong></span> <span class='ocrx_word' id='word_1_319' title='bbox 600 3721 744 3797; x_wconf 85' lang='lat' dir='ltr'><strong>ineptum.</strong></span> <span class='ocrx_word' id='word_1_320' title='bbox 786 3738 833 3774; x_wconf 87' lang='lat' dir='ltr'><strong>mo</strong></span> <span class='ocrx_word' id='word_1_321' title='bbox 845 3719 943 3775; x_wconf 81' lang='lat' dir='ltr'><strong>audite</strong></span> <span class='ocrx_word' id='word_1_322' title='bbox 956 3735 1073 3777; x_wconf 87' lang='lat' dir='ltr'><strong>nomme</strong></span> <span class='ocrx_word' id='word_1_323' title='bbox 1086 3721 1171 3773; x_wconf 83' lang='lat' dir='ltr'><strong>Pem-</strong></span> 
     </span>
     <span class='ocr_line' id='line_1_41' title="bbox 106 3786 1226 3861; baseline -0.004 -18"><span class='ocrx_word' id='word_1_324' title='bbox 106 3790 182 3861; x_wconf 84' lang='lat' dir='ltr'><strong>phili</strong></span> <span class='ocrx_word' id='word_1_325' title='bbox 199 3790 338 3845; x_wconf 76' lang='lat' dir='ltr'><strong>attentior</strong></span> <span class='ocrx_word' id='word_1_326' title='bbox 353 3788 448 3843; x_wconf 80' lang='lat' dir='ltr'><strong>iectus</strong></span> <span class='ocrx_word' id='word_1_327' title='bbox 463 3788 558 3853; x_wconf 87' lang='lat' dir='ltr'><strong>Simo,</strong></span> <span class='ocrx_word' id='word_1_328' title='bbox 581 3788 650 3857; x_wconf 88' lang='lat' dir='ltr'><strong>quid</strong></span> <span class='ocrx_word' id='word_1_329' title='bbox 667 3787 780 3840; x_wconf 81' lang='lat' dir='ltr'><strong>dicture</strong></span> <span class='ocrx_word' id='word_1_330' title='bbox 797 3789 834 3840; x_wconf 82' lang='lat' dir='ltr'><strong>sit</strong></span> <span class='ocrx_word' id='word_1_331' title='bbox 849 3787 885 3839; x_wconf 91' lang='lat' dir='ltr'><strong>de</strong></span> <span class='ocrx_word' id='word_1_332' title='bbox 900 3786 969 3851; x_wconf 87' lang='lat' dir='ltr'><strong>illo,</strong></span> <span class='ocrx_word' id='word_1_333' title='bbox 993 3787 1109 3857; x_wconf 77' lang='lat' dir='ltr'><strong>quaerit</strong></span> <span class='ocrx_word' id='word_1_334' title='bbox 1125 3804 1170 3839; x_wconf 81' lang='lat' dir='ltr'><strong>re·</strong></span> <span class='ocrx_word' id='word_1_335' title='bbox 1222 3848 1226 3855; x_wconf 36' lang='grc' dir='ltr'>Ι</span> 
     </span>
     <span class='ocr_line' id='line_1_42' title="bbox 126 3854 1168 3923; baseline -0.004 -14"><span class='ocrx_word' id='word_1_336' title='bbox 126 3864 176 3909; x_wconf 80' lang='lat' dir='ltr'><strong>ute</strong></span> <span class='ocrx_word' id='word_1_337' title='bbox 230 3872 255 3908; x_wconf 91' lang='lat' dir='ltr'><strong>e.</strong></span> <span class='ocrx_word' id='word_1_338' title='bbox 290 3857 380 3923; x_wconf 71' lang='lat' dir='ltr'><strong>Saepe</strong></span> <span class='ocrx_word' id='word_1_339' title='bbox 396 3856 502 3905; x_wconf 78' lang='lat' dir='ltr'><strong>mixtae</strong></span> <span class='ocrx_word' id='word_1_340' title='bbox 518 3872 534 3906; x_wconf 85' lang='lat' dir='ltr'><strong>e</strong></span> <span class='ocrx_word' id='word_1_341' title='bbox 550 3863 579 3911; x_wconf 88' lang='lat' dir='ltr'><strong>et</strong></span> <span class='ocrx_word' id='word_1_342' title='bbox 594 3856 607 3909; x_wconf 87' lang='lat' dir='ltr'><strong>i</strong></span> <span class='ocrx_word' id='word_1_343' title='bbox 622 3855 747 3907; x_wconf 75' lang='lat' dir='ltr'><strong>litterae.</strong></span> <span class='ocrx_word' id='word_1_344' title='bbox 795 3870 834 3907; x_wconf 81' lang='lat' dir='ltr'><strong>so.</strong></span> <span class='ocrx_word' id='word_1_345' title='bbox 857 3854 912 3907; x_wconf 83' lang='lat' dir='ltr'><strong>Hie</strong></span> <span class='ocrx_word' id='word_1_346' title='bbox 933 3869 1036 3905; x_wconf 83' lang='lat' dir='ltr'><strong>novem</strong></span> <span class='ocrx_word' id='word_1_347' title='bbox 1053 3869 1168 3905; x_wconf 75' lang='lat' dir='ltr'><strong>scenam</strong></span> 
     </span>
     <span class='ocr_line' id='line_1_43' title="bbox 106 3876 1168 3991; baseline -0.008 -12"><span class='ocrx_word' id='word_1_348' title='bbox 106 3876 201 3979; x_wconf 64' lang='lat' dir='ltr'><strong>denne</strong></span> <span class='ocrx_word' id='word_1_349' title='bbox 223 3922 396 3991; x_wconf 70' lang='lat' dir='ltr'><strong>inens-ditus</strong></span> <span class='ocrx_word' id='word_1_350' title='bbox 411 3922 442 3977; x_wconf 89' lang='lat' dir='ltr'><strong>in</strong></span> <span class='ocrx_word' id='word_1_351' title='bbox 458 3920 503 3975; x_wconf 83' lang='lat' dir='ltr'><strong>ed.</strong></span> <span class='ocrx_word' id='word_1_352' title='bbox 519 3922 606 3973; x_wconf 85' lang='lat' dir='ltr'><strong>Besil.</strong></span> <span class='ocrx_word' id='word_1_353' title='bbox 625 3940 651 3975; x_wconf 79' lang='lat' dir='ltr'><strong>a.</strong></span> <span class='ocrx_word' id='word_1_354' title='bbox 671 3937 743 3990; x_wconf 75' lang='lat'>1797·</span> <span class='ocrx_word' id='word_1_355' title='bbox 775 3924 835 3974; x_wconf 68' lang='lat' dir='ltr'><strong>Nos</strong></span> <span class='ocrx_word' id='word_1_356' title='bbox 849 3922 882 3973; x_wconf 88' lang='lat' dir='ltr'><strong>in</strong></span> <span class='ocrx_word' id='word_1_357' title='bbox 898 3920 1058 3988; x_wconf 80' lang='lat' dir='ltr'><strong>digerendis</strong></span> <span class='ocrx_word' id='word_1_358' title='bbox 1074 3922 1168 3971; x_wconf 86' lang='lat' dir='ltr'><strong>scenis</strong></span> 
     </span>
     <span class='ocr_line' id='line_1_44' title="bbox 65 3984 1166 4059; baseline -0.006 -14"><span class='ocrx_word' id='word_1_359' title='bbox 65 4040 68 4045; x_wconf 94' lang='grc'><em>,</em></span> <span class='ocrx_word' id='word_1_360' title='bbox 105 3991 198 4045; x_wconf 79' lang='lat' dir='ltr'><strong>secuti</strong></span> <span class='ocrx_word' id='word_1_361' title='bbox 208 4004 312 4049; x_wconf 74' lang='lat' dir='ltr'><strong>,sumus</strong></span> <span class='ocrx_word' id='word_1_362' title='bbox 327 3990 494 4054; x_wconf 72' lang='lat' dir='ltr'><strong>naeniam.</strong></span> <span class='ocrx_word' id='word_1_363' title='bbox 507 4005 566 4041; x_wconf 82' lang='lat' dir='ltr'><strong>non</strong></span> <span class='ocrx_word' id='word_1_364' title='bbox 581 4005 640 4059; x_wconf 79' lang='lat' dir='ltr'><strong>quo</strong></span> <span class='ocrx_word' id='word_1_365' title='bbox 656 4004 798 4058; x_wconf 71' lang='lat' dir='ltr'><strong>nusquam</strong></span> <span class='ocrx_word' id='word_1_366' title='bbox 814 4006 878 4041; x_wconf 84' lang='lat' dir='ltr'><strong>sem</strong></span> <span class='ocrx_word' id='word_1_367' title='bbox 893 3989 923 4039; x_wconf 91' lang='lat' dir='ltr'><strong>in</strong></span> <span class='ocrx_word' id='word_1_368' title='bbox 941 3987 994 4039; x_wconf 81' lang='lat' dir='ltr'><strong>has</strong></span> <span class='ocrx_word' id='word_1_369' title='bbox 1011 4005 1043 4039; x_wconf 89' lang='lat' dir='ltr'><strong>re</strong></span> <span class='ocrx_word' id='word_1_370' title='bbox 1064 3984 1166 4045; x_wconf 67' lang='lat' dir='ltr'><strong>{elsam</strong></span> 
     </span>
     <span class='ocr_line' id='line_1_45' title="bbox 106 4052 1163 4127; baseline -0.007 -15"><span class='ocrx_word' id='word_1_371' title='bbox 106 4059 311 4121; x_wconf 78' lang='lat' dir='ltr'><strong>existimemus,</strong></span> <span class='ocrx_word' id='word_1_372' title='bbox 327 4055 377 4108; x_wconf 88' lang='lat' dir='ltr'><strong>sed</strong></span> <span class='ocrx_word' id='word_1_373' title='bbox 392 4054 471 4127; x_wconf 81' lang='lat' dir='ltr'><strong>quod</strong></span> <span class='ocrx_word' id='word_1_374' title='bbox 484 4056 588 4109; x_wconf 87' lang='lat' dir='ltr'><strong>melior</strong></span> <span class='ocrx_word' id='word_1_375' title='bbox 602 4056 632 4109; x_wconf 90' lang='lat' dir='ltr'><strong>in</strong></span> <span class='ocrx_word' id='word_1_376' title='bbox 644 4056 792 4127; x_wconf 84' lang='lat' dir='ltr'><strong>plerisque</strong></span> <span class='ocrx_word' id='word_1_377' title='bbox 808 4056 868 4120; x_wconf 82' lang='lat' dir='ltr'><strong>ejus</strong></span> <span class='ocrx_word' id='word_1_378' title='bbox 881 4052 950 4108; x_wconf 87' lang='lat' dir='ltr'><strong>orde</strong></span> <span class='ocrx_word' id='word_1_379' title='bbox 962 4064 1006 4109; x_wconf 87' lang='lat' dir='ltr'><strong>est</strong></span> <span class='ocrx_word' id='word_1_380' title='bbox 1016 4070 1102 4123; x_wconf 78' lang='lat' dir='ltr'><strong>quem</strong></span> <span class='ocrx_word' id='word_1_381' title='bbox 1119 4071 1163 4105; x_wconf 73' lang='lat' dir='ltr'><strong>ce</strong></span> 
     </span>
     <span class='ocr_line' id='line_1_46' title="bbox 104 4125 713 4194; baseline -0.005 -16"><span class='ocrx_word' id='word_1_382' title='bbox 104 4136 234 4180; x_wconf 73' lang='lat' dir='ltr'><strong>tororum</strong></span> <span class='ocrx_word' id='word_1_383' title='bbox 250 4125 393 4177; x_wconf 79' lang='lat' dir='ltr'><strong>editurum</strong></span> <span class='ocrx_word' id='word_1_384' title='bbox 409 4132 496 4194; x_wconf 80' lang='lat' dir='ltr'><strong>etque</strong></span> <span class='ocrx_word' id='word_1_385' title='bbox 513 4125 713 4192; x_wconf 83' lang='lat' dir='ltr'><strong>interpretum.</strong></span> 
     </span>
    </p>
   </div>
   <div class='ocr_carea' id='block_1_10' title="bbox 863 3584 1171 3655">
    <p class='ocr_par' dir='ltr' id='par_1_12' title="bbox 863 3584 1171 3655">
     <span class='ocr_line' id='line_1_47' title="bbox 863 3584 1171 3655; baseline 0.003 -18"><span class='ocrx_word' id='word_1_386' title='bbox 863 3586 966 3638; x_wconf 79' lang='lat' dir='ltr'><strong>undeet</strong></span> <span class='ocrx_word' id='word_1_387' title='bbox 983 3584 1078 3655; x_wconf 86' lang='lat' dir='ltr'><strong>Quid</strong></span> <span class='ocrx_word' id='word_1_388' title='bbox 1095 3604 1171 3638; x_wconf 80' lang='lat' dir='ltr'><strong>nar—</strong></span> 
     </span>
    </p>
   </div>
   <div class='ocr_carea' id='block_1_11' title="bbox 485 4333 499 4371">
    <p class='ocr_par' dir='ltr' id='par_1_13' title="bbox 485 4333 499 4371">
     <span class='ocr_line' id='line_1_48' title="bbox 485 4333 499 4371; baseline 0 0"><span class='ocrx_word' id='word_1_389' title='bbox 485 4333 499 4371; x_wconf 82' lang='lat' dir='ltr'><em>l</em></span> 
     </span>
    </p>
   </div>
   <div class='ocr_carea' id='block_1_12' title="bbox 0 0 1306 4536">
    <p class='ocr_par' dir='ltr' id='par_1_14' title="bbox 0 0 1306 4536">
     <span class='ocr_line' id='line_1_49' title="bbox 0 0 1306 4536; baseline 0 10"><span class='ocrx_word' id='word_1_390' title='bbox 0 0 1306 4536; x_wconf 95' lang='lat' dir='ltr'><strong> </strong></span> 
     </span>
    </p>
   </div>
  </div>
 </body>
</html>
