<?xml version="1.0" encoding="UTF-8"?>
<!DOCTYPE html PUBLIC "-//W3C//DTD XHTML 1.0 Transitional//EN"
    "http://www.w3.org/TR/xhtml1/DTD/xhtml1-transitional.dtd">
<html xmlns="http://www.w3.org/1999/xhtml" xml:lang="en" lang="en">
 <head>
  <title>
</title>
<meta http-equiv="Content-Type" content="text/html;charset=utf-8" />
  <meta name='ocr-system' content='tesseract 3.04.00' />
  <meta name='ocr-capabilities' content='ocr_page ocr_carea ocr_par ocr_line ocrx_word'/>
</head>
<body>
  <div class='ocr_page' id='page_1' title='image "./poetaescenicila00bothgoog_0222.png"; bbox 0 0 2610 4544; ppageno 0'>
   <div class='ocr_carea' id='block_1_1' title="bbox 156 200 1246 509">
    <p class='ocr_par' dir='ltr' id='par_1_1' title="bbox 156 200 1246 509">
     <span class='ocr_line' id='line_1_1' title="bbox 276 200 1246 361; baseline 0.005 -42"><span class='ocrx_word' id='word_1_1' title='bbox 276 356 279 361; x_wconf 86' lang='lat'><strong>.</strong></span> <span class='ocrx_word' id='word_1_2' title='bbox 402 234 407 241; x_wconf 36' lang='lat'>⁸</span> <span class='ocrx_word' id='word_1_3' title='bbox 496 250 823 335; x_wconf 31' lang='lat' dir='ltr'><strong>,summ-f</strong></span> <span class='ocrx_word' id='word_1_4' title='bbox 883 200 889 213; x_wconf 23' lang='lat' dir='ltr'>x</span> <span class='ocrx_word' id='word_1_5' title='bbox 974 214 1032 278; x_wconf 25' lang='grc' dir='ltr'><strong>ζ’</strong></span> <span class='ocrx_word' id='word_1_6' title='bbox 1106 218 1192 345; x_wconf 9' lang='grc'><strong>19117</strong></span> <span class='ocrx_word' id='word_1_7' title='bbox 1242 282 1246 287; x_wconf 69' lang='grc'><strong>’</strong></span> 
     </span>
     <span class='ocr_line' id='line_1_2' title="bbox 156 376 1073 509; baseline 0.004 -6"><span class='ocrx_word' id='word_1_8' title='bbox 156 423 202 487; x_wconf 68' lang='lat'><strong>.&#39;</strong></span> <span class='ocrx_word' id='word_1_9' title='bbox 261 472 264 481; x_wconf 94' lang='lat'>·</span> <span class='ocrx_word' id='word_1_10' title='bbox 308 484 313 498; x_wconf 82' lang='grc'><strong>.</strong></span> <span class='ocrx_word' id='word_1_11' title='bbox 363 376 643 508; x_wconf 67' lang='lat' dir='ltr'><strong>ACTUSlII.</strong></span> <span class='ocrx_word' id='word_1_12' title='bbox 693 434 876 509; x_wconf 80' lang='lat' dir='ltr'>SCENA</span> <span class='ocrx_word' id='word_1_13' title='bbox 900 420 987 507; x_wconf 72' lang='lat' dir='ltr'><strong>IV.&#39;&#39;</strong></span> <span class='ocrx_word' id='word_1_14' title='bbox 1069 462 1073 469; x_wconf 89' lang='grc'><strong>’</strong></span> 
     </span>
    </p>
   </div>
   <div class='ocr_carea' id='block_1_2' title="bbox 321 584 835 662">
    <p class='ocr_par' dir='ltr' id='par_1_2' title="bbox 321 584 835 662">
     <span class='ocr_line' id='line_1_3' title="bbox 321 584 835 662; baseline 0.006 -11"><span class='ocrx_word' id='word_1_15' title='bbox 321 646 324 651; x_wconf 92' lang='grc'>.</span> <span class='ocrx_word' id='word_1_16' title='bbox 433 648 436 653; x_wconf 76' lang='grc'><strong>,</strong></span> <span class='ocrx_word' id='word_1_17' title='bbox 490 585 642 662; x_wconf 85' lang='lat' dir='ltr'><strong>SYRUS,</strong></span> <span class='ocrx_word' id='word_1_18' title='bbox 671 584 835 653; x_wconf 85' lang='lat' dir='ltr'><strong>DEMEA.</strong></span> 
     </span>
    </p>
   </div>
   <div class='ocr_carea' id='block_1_3' title="bbox 76 697 1288 3416">
    <p class='ocr_par' dir='ltr' id='par_1_3' title="bbox 76 697 1288 3416">
     <span class='ocr_line' id='line_1_4' title="bbox 132 697 1110 775; baseline 0.005 -16"><span class='ocrx_word' id='word_1_19' title='bbox 132 697 164 773; x_wconf 73' lang='lat' dir='ltr'><strong>S,</strong></span> <span class='ocrx_word' id='word_1_20' title='bbox 185 699 268 762; x_wconf 84' lang='lat' dir='ltr'><strong>Rem</strong></span> <span class='ocrx_word' id='word_1_21' title='bbox 288 704 428 765; x_wconf 82' lang='lat' dir='ltr'><strong>omnern&#39;</strong></span> <span class='ocrx_word' id='word_1_22' title='bbox 441 702 538 763; x_wconf 89' lang='lat' dir='ltr'><strong>modo</strong></span> <span class='ocrx_word' id='word_1_23' title='bbox 554 702 634 775; x_wconf 85' lang='lat' dir='ltr'><strong>seni,</strong></span> <span class='ocrx_word' id='word_1_24' title='bbox 1044 702 1066 764; x_wconf 91' lang='lat' dir='ltr'><strong>i.</strong></span> <span class='ocrx_word' id='word_1_25' title='bbox 1087 719 1110 764; x_wconf 87' lang='lat' dir='ltr'><strong>s.</strong></span> 
     </span>
     <span class='ocr_line' id='line_1_5' title="bbox 133 770 1006 867; baseline 0.003 -27"><span class='ocrx_word' id='word_1_26' title='bbox 133 774 205 860; x_wconf 90' lang='lat' dir='ltr'><strong>Quo</strong></span> <span class='ocrx_word' id='word_1_27' title='bbox 226 797 320 862; x_wconf 89' lang='lat' dir='ltr'><strong>pacto</strong></span> <span class='ocrx_word' id='word_1_28' title='bbox 340 783 491 854; x_wconf 86' lang='lat' dir='ltr'><strong>haberet,</strong></span> <span class='ocrx_word' id='word_1_29' title='bbox 514 804 697 850; x_wconf 75' lang='lat' dir='ltr'>enarramus</span> <span class='ocrx_word' id='word_1_30' title='bbox 719 786 841 848; x_wconf 88' lang='lat' dir='ltr'>ordine.</span> <span class='ocrx_word' id='word_1_31' title='bbox 863 770 877 867; x_wconf 56' lang='lat' dir='ltr'><em>J</em></span> <span class='ocrx_word' id='word_1_32' title='bbox 989 780 1006 843; x_wconf 75' lang='lat'><strong>‘.</strong></span> 
     </span>
     <span class='ocr_line' id='line_1_6' title="bbox 127 862 1109 951; baseline 0.004 -27"><span class='ocrx_word' id='word_1_33' title='bbox 127 862 185 924; x_wconf 85' lang='lat' dir='ltr'><strong>Nil</strong></span> <span class='ocrx_word' id='word_1_34' title='bbox 206 865 379 951; x_wconf 84' lang='lat' dir='ltr'><strong>quidquam</strong></span> <span class='ocrx_word' id='word_1_35' title='bbox 402 867 469 926; x_wconf 83' lang='lat' dir='ltr'><strong>vidi</strong></span> <span class='ocrx_word' id='word_1_36' title='bbox 489 868 615 930; x_wconf 87' lang='lat' dir='ltr'><strong>laetius.</strong></span> <span class='ocrx_word' id='word_1_37' title='bbox 657 867 720 944; x_wconf 93' lang='lat' dir='ltr'><strong>(D.</strong></span> <span class='ocrx_word' id='word_1_38' title='bbox 741 868 827 928; x_wconf 88' lang='lat' dir='ltr'>Proh</span> <span class='ocrx_word' id='word_1_39' title='bbox 843 866 1002 950; x_wconf 50' lang='lat' dir='ltr'><strong>&#39;Jupiten&#39;</strong></span> <span class='ocrx_word' id='word_1_40' title='bbox 1106 888 1109 893; x_wconf 89' lang='lat'>·</span> 
     </span>
     <span class='ocr_line' id='line_1_7' title="bbox 130 944 965 1027; baseline 0.006 -22"><span class='ocrx_word' id='word_1_41' title='bbox 130 944 283 1009; x_wconf 75' lang='lat' dir='ltr'><strong>Hominis</strong></span> <span class='ocrx_word' id='word_1_42' title='bbox 305 946 510 1027; x_wconf 79' lang='lat' dir='ltr'><strong>siultitiami)</strong></span> <span class='ocrx_word' id='word_1_43' title='bbox 553 949 583 1010; x_wconf 90' lang='lat' dir='ltr'><strong>S.</strong></span> <span class='ocrx_word' id='word_1_44' title='bbox 608 950 819 1011; x_wconf 85' lang='lat' dir='ltr'><strong>Conlaudavit</strong></span> <span class='ocrx_word' id='word_1_45' title='bbox 840 951 965 1026; x_wconf 83' lang='lat' dir='ltr'><strong>filium3</strong></span> 
     </span>
     <span class='ocr_line' id='line_1_8' title="bbox 130 1025 1193 1115; baseline 0.007 -28"><span class='ocrx_word' id='word_1_46' title='bbox 130 1025 237 1099; x_wconf 88' lang='lat' dir='ltr'>Mihi,</span> <span class='ocrx_word' id='word_1_47' title='bbox 259 1030 368 1111; x_wconf 82' lang='lat' dir='ltr'><strong>quiid</strong></span> <span class='ocrx_word' id='word_1_48' title='bbox 389 1031 544 1092; x_wconf 81' lang='lat' dir='ltr'><strong>dedissem</strong></span> <span class='ocrx_word' id='word_1_49' title='bbox 565 1035 758 1107; x_wconf 89' lang='lat' dir='ltr'><strong>consilium,</strong></span> <span class='ocrx_word' id='word_1_50' title='bbox 779 1039 844 1115; x_wconf 77' lang='lat' dir='ltr'><strong>egit</strong></span> <span class='ocrx_word' id='word_1_51' title='bbox 866 1035 993 1115; x_wconf 83' lang='lat' dir='ltr'><strong>gratias.</strong></span> <span class='ocrx_word' id='word_1_52' title='bbox 1173 1036 1193 1094; x_wconf 85' lang='lat'><em>5</em></span> 
     </span>
     <span class='ocr_line' id='line_1_9' title="bbox 129 1108 1153 1197; baseline 0.008 -27"><span class='ocrx_word' id='word_1_53' title='bbox 129 1108 184 1188; x_wconf 86' lang='lat' dir='ltr'><strong>(D.</strong></span> <span class='ocrx_word' id='word_1_54' title='bbox 203 1111 432 1191; x_wconf 72' lang='lat' dir='ltr'><strong>Disrumporl)</strong></span> <span class='ocrx_word' id='word_1_55' title='bbox 473 1114 503 1177; x_wconf 84' lang='lat' dir='ltr'><strong>S.</strong></span> <span class='ocrx_word' id='word_1_56' title='bbox 525 1122 708 1197; x_wconf 79' lang='lat' dir='ltr'><strong>Argentum</strong></span> <span class='ocrx_word' id='word_1_57' title='bbox 729 1117 948 1178; x_wconf 80' lang='lat' dir='ltr'><strong>adnumeravit</strong></span> <span class='ocrx_word' id='word_1_58' title='bbox 968 1114 1074 1188; x_wconf 71' lang='lat' dir='ltr'><strong>illices</strong></span> <span class='ocrx_word' id='word_1_59' title='bbox 1147 1119 1153 1133; x_wconf 64' lang='lat'>⁸</span> 
     </span>
     <span class='ocr_line' id='line_1_10' title="bbox 128 1192 1087 1277; baseline 0.004 -25"><span class='ocrx_word' id='word_1_60' title='bbox 128 1192 230 1255; x_wconf 86' lang='lat' dir='ltr'><strong>Dedit</strong></span> <span class='ocrx_word' id='word_1_61' title='bbox 250 1197 470 1274; x_wconf 70' lang='lat' dir='ltr'><strong>praeteream</strong></span> <span class='ocrx_word' id='word_1_62' title='bbox 494 1198 638 1258; x_wconf 76' lang='lat' dir='ltr'><strong>sumtum</strong></span> <span class='ocrx_word' id='word_1_63' title='bbox 660 1199 833 1259; x_wconf 87' lang='lat' dir='ltr'><strong>dimidium</strong></span> <span class='ocrx_word' id='word_1_64' title='bbox 854 1201 973 1259; x_wconf 87' lang='lat' dir='ltr'><strong>minae.</strong></span> <span class='ocrx_word' id='word_1_65' title='bbox 1027 1218 1030 1224; x_wconf 81' lang='grc'><strong>’</strong></span> <span class='ocrx_word' id='word_1_66' title='bbox 1056 1258 1060 1268; x_wconf 72' lang='grc'><em>,</em></span> <span class='ocrx_word' id='word_1_67' title='bbox 1084 1272 1087 1277; x_wconf 26' lang='lat'><em>¹</em></span> 
     </span>
     <span class='ocr_line' id='line_1_11' title="bbox 76 1275 1013 1353; baseline 0.009 -19"><span class='ocrx_word' id='word_1_68' title='bbox 76 1318 81 1327; x_wconf 77' lang='grc'><em>.</em></span> <span class='ocrx_word' id='word_1_69' title='bbox 127 1275 166 1334; x_wconf 89' lang='lat' dir='ltr'><strong>Id</strong></span> <span class='ocrx_word' id='word_1_70' title='bbox 187 1276 396 1337; x_wconf 84' lang='lat' dir='ltr'><strong>distributum</strong></span> <span class='ocrx_word' id='word_1_71' title='bbox 417 1298 492 1338; x_wconf 87' lang='lat' dir='ltr'><strong>sane</strong></span> <span class='ocrx_word' id='word_1_72' title='bbox 512 1294 559 1339; x_wconf 89' lang='lat' dir='ltr'><strong>est</strong></span> <span class='ocrx_word' id='word_1_73' title='bbox 581 1301 622 1340; x_wconf 89' lang='lat' dir='ltr'><strong>ox</strong></span> <span class='ocrx_word' id='word_1_74' title='bbox 644 1284 812 1343; x_wconf 88' lang='lat' dir='ltr'><strong>sententia.</strong></span> <span class='ocrx_word' id='word_1_75' title='bbox 852 1279 1013 1353; x_wconf 72' lang='lat' dir='ltr'><strong>D.·Heni,</strong></span> 
     </span>
     <span class='ocr_line' id='line_1_12' title="bbox 129 1357 919 1437; baseline 0.011 -22"><span class='ocrx_word' id='word_1_76' title='bbox 129 1357 216 1420; x_wconf 87' lang='lat' dir='ltr'><strong>Huic</strong></span> <span class='ocrx_word' id='word_1_77' title='bbox 237 1358 386 1428; x_wconf 86' lang='lat' dir='ltr'><strong>mandes,</strong></span> <span class='ocrx_word' id='word_1_78' title='bbox 409 1362 435 1420; x_wconf 88' lang='lat' dir='ltr'><strong>si</strong></span> <span class='ocrx_word' id='word_1_79' title='bbox 457 1362 534 1437; x_wconf 89' lang='lat' dir='ltr'><strong>quid</strong></span> <span class='ocrx_word' id='word_1_80' title='bbox 556 1377 641 1422; x_wconf 87' lang='lat' dir='ltr'><strong>recte</strong></span> <span class='ocrx_word' id='word_1_81' title='bbox 661 1377 810 1435; x_wconf 82' lang='lat' dir='ltr'><strong>curatum</strong></span> <span class='ocrx_word' id='word_1_82' title='bbox 833 1365 919 1424; x_wconf 89' lang='lat' dir='ltr'><strong>velis.</strong></span> 
     </span>
     <span class='ocr_line' id='line_1_13' title="bbox 130 1438 1195 1526; baseline 0.01 -29"><span class='ocrx_word' id='word_1_83' title='bbox 130 1438 160 1504; x_wconf 87' lang='lat' dir='ltr'><strong>S.</strong></span> <span class='ocrx_word' id='word_1_84' title='bbox 174 1440 290 1523; x_wconf 85' lang='lat' dir='ltr'><strong>Ehem,</strong></span> <span class='ocrx_word' id='word_1_85' title='bbox 313 1440 448 1513; x_wconf 83' lang='lat' dir='ltr'><strong>Demea,</strong></span> <span class='ocrx_word' id='word_1_86' title='bbox 470 1443 558 1505; x_wconf 87' lang='lat' dir='ltr'><strong>haud</strong></span> <span class='ocrx_word' id='word_1_87' title='bbox 580 1445 787 1524; x_wconf 83' lang='lat' dir='ltr'><strong>adspexeram</strong></span> <span class='ocrx_word' id='word_1_88' title='bbox 809 1460 850 1509; x_wconf 92' lang='lat' dir='ltr'><strong>te.</strong></span> <span class='ocrx_word' id='word_1_89' title='bbox 885 1445 976 1524; x_wconf 87' lang='lat' dir='ltr'><strong>Quid</strong></span> <span class='ocrx_word' id='word_1_90' title='bbox 995 1445 1123 1526; x_wconf 78' lang='lat' dir='ltr'><strong>agitur?</strong></span> <span class='ocrx_word' id='word_1_91' title='bbox 1155 1451 1195 1508; x_wconf 89' lang='lat' dir='ltr'><strong>to</strong></span> 
     </span>
     <span class='ocr_line' id='line_1_14' title="bbox 129 1521 1179 1609; baseline 0.006 -28"><span class='ocrx_word' id='word_1_92' title='bbox 129 1521 170 1584; x_wconf 89' lang='lat' dir='ltr'><strong>D.</strong></span> <span class='ocrx_word' id='word_1_93' title='bbox 194 1523 281 1602; x_wconf 81' lang='lat' dir='ltr'><strong>Quid</strong></span> <span class='ocrx_word' id='word_1_94' title='bbox 303 1524 438 1607; x_wconf 67' lang='lat' dir='ltr'><strong>agatur?</strong></span> <span class='ocrx_word' id='word_1_95' title='bbox 459 1541 600 1586; x_wconf 85' lang='lat' dir='ltr'><strong>vostram·</strong></span> <span class='ocrx_word' id='word_1_96' title='bbox 617 1547 742 1609; x_wconf 84' lang='lat' dir='ltr'><strong>nequeo</strong></span> <span class='ocrx_word' id='word_1_97' title='bbox 763 1530 874 1590; x_wconf 88' lang='lat' dir='ltr'><strong>mirari</strong></span> <span class='ocrx_word' id='word_1_98' title='bbox 896 1530 972 1587; x_wconf 84' lang='lat' dir='ltr'><strong>satis</strong></span> <span class='ocrx_word' id='word_1_99' title='bbox 1085 1554 1089 1561; x_wconf 94' lang='lat'>·</span> <span class='ocrx_word' id='word_1_100' title='bbox 1155 1526 1179 1565; x_wconf 82' lang='lat'><strong>·&#39;</strong></span> 
     </span>
     <span class='ocr_line' id='line_1_15' title="bbox 129 1604 1165 1690; baseline 0.008 -27"><span class='ocrx_word' id='word_1_101' title='bbox 129 1605 313 1674; x_wconf 87' lang='lat' dir='ltr'><strong>Rationem.</strong></span> <span class='ocrx_word' id='word_1_102' title='bbox 357 1606 386 1669; x_wconf 91' lang='lat' dir='ltr'><strong>S.</strong></span> <span class='ocrx_word' id='word_1_103' title='bbox 410 1606 467 1667; x_wconf 85' lang='lat' dir='ltr'><strong>Est</strong></span> <span class='ocrx_word' id='word_1_104' title='bbox 486 1604 598 1672; x_wconf 84' lang='lat' dir='ltr'><strong>hercle</strong></span> <span class='ocrx_word' id='word_1_105' title='bbox 619 1613 746 1690; x_wconf 88' lang='lat' dir='ltr'><strong>inepta,</strong></span> <span class='ocrx_word' id='word_1_106' title='bbox 768 1631 810 1671; x_wconf 90' lang='lat' dir='ltr'><strong>ne</strong></span> <span class='ocrx_word' id='word_1_107' title='bbox 832 1609 1044 1681; x_wconf 82' lang='lat' dir='ltr'><strong>dicam&#39;dolo,</strong></span> <span class='ocrx_word' id='word_1_108' title='bbox 1067 1622 1165 1690; x_wconf 82' lang='lat' dir='ltr'><strong>atque</strong></span> 
     </span>
     <span class='ocr_line' id='line_1_16' title="bbox 129 1687 1113 1775; baseline 0.007 -27"><span class='ocrx_word' id='word_1_109' title='bbox 129 1687 284 1760; x_wconf 71' lang='lat' dir='ltr'><strong>Absurde.</strong></span> <span class='ocrx_word' id='word_1_110' title='bbox 296 1714 348 1741; x_wconf 64' lang='lat' dir='ltr'><strong>v·-</strong></span> <span class='ocrx_word' id='word_1_111' title='bbox 367 1690 468 1751; x_wconf 84' lang='lat' dir='ltr'><strong>Piscis</strong></span> <span class='ocrx_word' id='word_1_112' title='bbox 489 1692 611 1754; x_wconf 75' lang='lat' dir='ltr'><strong>ceteros</strong></span> <span class='ocrx_word' id='word_1_113' title='bbox 631 1712 753 1775; x_wconf 86' lang='lat' dir='ltr'><strong>purga,</strong></span> <span class='ocrx_word' id='word_1_114' title='bbox 776 1693 908 1757; x_wconf 89' lang='lat' dir='ltr'><strong>Dromo.</strong></span> <span class='ocrx_word' id='word_1_115' title='bbox 936 1709 939 1715; x_wconf 83' lang='grc'><em>“</em></span> <span class='ocrx_word' id='word_1_116' title='bbox 1110 1708 1113 1713; x_wconf 82' lang='grc'><em>“</em></span> 
     </span>
     <span class='ocr_line' id='line_1_17' title="bbox 130 1771 1040 1855; baseline 0.003 -24"><span class='ocrx_word' id='word_1_117' title='bbox 130 1772 298 1850; x_wconf 81' lang='lat' dir='ltr'><strong>congrum</strong></span> <span class='ocrx_word' id='word_1_118' title='bbox 318 1771 633 1834; x_wconf 82' lang='lat' dir='ltr'><strong>istum&#39;maxurnum</strong></span> <span class='ocrx_word' id='word_1_119' title='bbox 654 1778 689 1835; x_wconf 91' lang='lat' dir='ltr'><strong>in</strong></span> <span class='ocrx_word' id='word_1_120' title='bbox 710 1793 793 1855; x_wconf 86' lang='lat' dir='ltr'><strong>aqua</strong></span> <span class='ocrx_word' id='word_1_121' title='bbox 814 1773 909 1838; x_wconf 80' lang='lat' dir='ltr'><strong>sinito</strong></span> <span class='ocrx_word' id='word_1_122' title='bbox 930 1774 1040 1837; x_wconf 79' lang='lat' dir='ltr'><strong>ludere</strong></span> 
     </span>
     <span class='ocr_line' id='line_1_18' title="bbox 128 1852 1242 1937; baseline 0.009 -27"><span class='ocrx_word' id='word_1_123' title='bbox 128 1852 317 1933; x_wconf 78' lang='lat' dir='ltr'><strong>Tantispe13</strong></span> <span class='ocrx_word' id='word_1_124' title='bbox 336 1853 395 1912; x_wconf 90' lang='lat' dir='ltr'><strong>ubi</strong></span> <span class='ocrx_word' id='word_1_125' title='bbox 416 1873 475 1933; x_wconf 84' lang='lat' dir='ltr'><strong>ego</strong></span> <span class='ocrx_word' id='word_1_126' title='bbox 496 1856 640 1928; x_wconf 85' lang='lat' dir='ltr'><strong>rediero,</strong></span> <span class='ocrx_word' id='word_1_127' title='bbox 663 1859 879 1936; x_wconf 82' lang='lat' dir='ltr'><strong>exossabitur3</strong></span> <span class='ocrx_word' id='word_1_128' title='bbox 1150 1861 1195 1923; x_wconf 73' lang='lat' dir='ltr'><strong>,ts</strong></span> <span class='ocrx_word' id='word_1_129' title='bbox 1233 1922 1242 1937; x_wconf 50' lang='grc'>,</span> 
     </span>
     <span class='ocr_line' id='line_1_19' title="bbox 128 1934 1288 2021; baseline 0.008 -27"><span class='ocrx_word' id='word_1_130' title='bbox 128 1934 224 1995; x_wconf 83' lang='lat' dir='ltr'><strong>Prius·</strong></span> <span class='ocrx_word' id='word_1_131' title='bbox 242 1936 328 1999; x_wconf 89' lang='lat' dir='ltr'><strong>nolo.</strong></span> <span class='ocrx_word' id='word_1_132' title='bbox 359 1934 402 2001; x_wconf 91' lang='lat' dir='ltr'><strong>D.</strong></span> <span class='ocrx_word' id='word_1_133' title='bbox 423 1935 587 2001; x_wconf 80' lang='lat' dir='ltr'><strong>Haeccine</strong></span> <span class='ocrx_word' id='word_1_134' title='bbox 606 1938 784 2020; x_wconf 80' lang='lat' dir='ltr'><strong>flagitia...</strong></span> <span class='ocrx_word' id='word_1_135' title='bbox 819 1939 849 2004; x_wconf 82' lang='lat' dir='ltr'><strong>S.</strong></span> <span class='ocrx_word' id='word_1_136' title='bbox 871 1938 957 2000; x_wconf 90' lang='lat' dir='ltr'><strong>Mihi</strong></span> <span class='ocrx_word' id='word_1_137' title='bbox 978 1939 1109 2021; x_wconf 79' lang='lat' dir='ltr'><strong>quidem</strong></span> <span class='ocrx_word' id='word_1_138' title='bbox 1129 1955 1198 2002; x_wconf 83' lang='lat' dir='ltr'><strong>non</strong></span> <span class='ocrx_word' id='word_1_139' title='bbox 1286 1937 1288 1944; x_wconf 83' lang='lat'>&#39;</span> 
     </span>
     <span class='ocr_line' id='line_1_20' title="bbox 673 2024 1191 2093; baseline 0.002 -13"><span class='ocrx_word' id='word_1_140' title='bbox 673 2024 809 2093; x_wconf 86' lang='lat' dir='ltr'><strong>lacent,&#39;</strong></span> <span class='ocrx_word' id='word_1_141' title='bbox 1188 2046 1191 2051; x_wconf 95' lang='lat'>·</span> 
     </span>
     <span class='ocr_line' id='line_1_21' title="bbox 128 2038 1045 2188; baseline 0.003 -28"><span class='ocrx_word' id='word_1_142' title='bbox 128 2100 171 2161; x_wconf 88' lang='lat' dir='ltr'><strong>Et</strong></span> <span class='ocrx_word' id='word_1_143' title='bbox 193 2101 301 2163; x_wconf 87' lang='lat' dir='ltr'><strong>clamo</strong></span> <span class='ocrx_word' id='word_1_144' title='bbox 323 2121 425 2184; x_wconf 85' lang='lat' dir='ltr'><strong>saepe.</strong></span> <span class='ocrx_word' id='word_1_145' title='bbox 445 2131 488 2148; x_wconf 88' lang='lat'><em>-</em></span> <span class='ocrx_word' id='word_1_146' title='bbox 517 2038 717 2165; x_wconf 65' lang='lat' dir='ltr'><strong>Salsamepnta</strong></span> <span class='ocrx_word' id='word_1_147' title='bbox 737 2103 837 2176; x_wconf 86' lang='lat' dir='ltr'><strong>haec,</strong></span> <span class='ocrx_word' id='word_1_148' title='bbox 859 2104 1045 2188; x_wconf 76' lang='lat' dir='ltr'><strong>stephanio,</strong></span> 
     </span>
     <span class='ocr_line' id='line_1_22' title="bbox 127 2182 1190 2266; baseline 0.005 -24"><span class='ocrx_word' id='word_1_149' title='bbox 127 2182 193 2247; x_wconf 87' lang='lat' dir='ltr'><strong>Fac</strong></span> <span class='ocrx_word' id='word_1_150' title='bbox 213 2199 419 2248; x_wconf 85' lang='lat' dir='ltr'><strong>macerentur</strong></span> <span class='ocrx_word' id='word_1_151' title='bbox 440 2185 594 2266; x_wconf 82' lang='lat' dir='ltr'><strong>pulchre.</strong></span> <span class='ocrx_word' id='word_1_152' title='bbox 627 2185 668 2249; x_wconf 94' lang='lat' dir='ltr'><strong>D.</strong></span> <span class='ocrx_word' id='word_1_153' title='bbox 690 2186 750 2260; x_wconf 92' lang='lat' dir='ltr'><strong>Di,</strong></span> <span class='ocrx_word' id='word_1_154' title='bbox 775 2187 1049 2264; x_wconf 27' lang='lat' dir='ltr'><strong>vostramlfidem!</strong></span> <span class='ocrx_word' id='word_1_155' title='bbox 1107 2186 1140 2258; x_wconf 58' lang='lat'><strong>²,</strong></span> <span class='ocrx_word' id='word_1_156' title='bbox 1187 2196 1190 2203; x_wconf 87' lang='lat'>&#39;</span> 
     </span>
     <span class='ocr_line' id='line_1_23' title="bbox 128 2265 981 2350; baseline 0.002 -25"><span class='ocrx_word' id='word_1_157' title='bbox 128 2265 250 2328; x_wconf 88' lang='lat' dir='ltr'><strong>Utrum</strong></span> <span class='ocrx_word' id='word_1_158' title='bbox 272 2269 418 2328; x_wconf 78' lang='lat' dir='ltr'><strong>studione</strong></span> <span class='ocrx_word' id='word_1_159' title='bbox 439 2271 473 2329; x_wconf 91' lang='lat' dir='ltr'><strong>id</strong></span> <span class='ocrx_word' id='word_1_160' title='bbox 495 2269 555 2331; x_wconf 90' lang='lat' dir='ltr'><strong>sibi</strong></span> <span class='ocrx_word' id='word_1_161' title='bbox 576 2269 691 2340; x_wconf 89' lang='lat' dir='ltr'><strong>habet,</strong></span> <span class='ocrx_word' id='word_1_162' title='bbox 713 2289 756 2329; x_wconf 88' lang='lat' dir='ltr'><strong>an</strong></span> <span class='ocrx_word' id='word_1_163' title='bbox 777 2268 866 2332; x_wconf 89' lang='lat' dir='ltr'><strong>laudi</strong></span> <span class='ocrx_word' id='word_1_164' title='bbox 887 2284 981 2350; x_wconf 86' lang='lat' dir='ltr'><strong>putat</strong></span> 
     </span>
     <span class='ocr_line' id='line_1_24' title="bbox 129 2347 1280 2431; baseline 0.006 -25"><span class='ocrx_word' id='word_1_165' title='bbox 129 2347 232 2416; x_wconf 86' lang='lat' dir='ltr'><strong>Fore,</strong></span> <span class='ocrx_word' id='word_1_166' title='bbox 254 2351 281 2410; x_wconf 90' lang='lat' dir='ltr'><strong>si</strong></span> <span class='ocrx_word' id='word_1_167' title='bbox 301 2350 476 2427; x_wconf 88' lang='lat' dir='ltr'><strong>perdiderit</strong></span> <span class='ocrx_word' id='word_1_168' title='bbox 498 2351 656 2431; x_wconf 69' lang='lat' dir='ltr'><strong>gnatum?</strong></span> <span class='ocrx_word' id='word_1_169' title='bbox 677 2353 744 2411; x_wconf 85' lang='lat' dir='ltr'><strong>Vae</strong></span> <span class='ocrx_word' id='word_1_170' title='bbox 767 2355 883 2412; x_wconf 85' lang='lat' dir='ltr'><strong>misero</strong></span> <span class='ocrx_word' id='word_1_171' title='bbox 904 2350 1007 2414; x_wconf 87' lang='lat' dir='ltr'><strong>mihi!</strong></span> <span class='ocrx_word' id='word_1_172' title='bbox 1047 2364 1057 2381; x_wconf 55' lang='lat'><strong>‘&#39;</strong></span> <span class='ocrx_word' id='word_1_173' title='bbox 1158 2354 1200 2412; x_wconf 75' lang='lat'><strong>20</strong></span> <span class='ocrx_word' id='word_1_174' title='bbox 1268 2391 1280 2404; x_wconf 91' lang='lat'>·</span> 
     </span>
     <span class='ocr_line' id='line_1_25' title="bbox 129 2429 1025 2513; baseline 0.007 -26"><span class='ocrx_word' id='word_1_175' title='bbox 129 2429 246 2489; x_wconf 89' lang='lat' dir='ltr'><strong>Videre</strong></span> <span class='ocrx_word' id='word_1_176' title='bbox 267 2429 378 2491; x_wconf 87' lang='lat' dir='ltr'><strong>videor</strong></span> <span class='ocrx_word' id='word_1_177' title='bbox 398 2433 463 2506; x_wconf 80' lang='lat' dir='ltr'><strong>jam</strong></span> <span class='ocrx_word' id='word_1_178' title='bbox 485 2432 571 2492; x_wconf 87' lang='lat' dir='ltr'><strong>diem</strong></span> <span class='ocrx_word' id='word_1_179' title='bbox 593 2432 709 2506; x_wconf 87' lang='lat' dir='ltr'><strong>illum,</strong></span> <span class='ocrx_word' id='word_1_180' title='bbox 732 2452 807 2491; x_wconf 88' lang='lat' dir='ltr'><strong>curn</strong></span> <span class='ocrx_word' id='word_1_181' title='bbox 829 2433 906 2490; x_wconf 93' lang='lat' dir='ltr'><strong>hinc</strong></span> <span class='ocrx_word' id='word_1_182' title='bbox 927 2451 1025 2513; x_wconf 84' lang='lat' dir='ltr'><strong>egens</strong></span> 
     </span>
     <span class='ocr_line' id='line_1_26' title="bbox 129 2511 917 2599; baseline 0.003 -27"><span class='ocrx_word' id='word_1_183' title='bbox 129 2511 298 2592; x_wconf 80' lang='lat' dir='ltr'><strong>Profugiet</strong></span> <span class='ocrx_word' id='word_1_184' title='bbox 319 2512 426 2592; x_wconf 86' lang='lat' dir='ltr'><strong>aliquo</strong></span> <span class='ocrx_word' id='word_1_185' title='bbox 447 2515 636 2576; x_wconf 88' lang='lat' dir='ltr'><strong>militatum.</strong></span> <span class='ocrx_word' id='word_1_186' title='bbox 680 2513 709 2578; x_wconf 83' lang='lat' dir='ltr'><strong>S.</strong></span> <span class='ocrx_word' id='word_1_187' title='bbox 721 2512 760 2599; x_wconf 73' lang='grc' dir='ltr'><em>ρ</em></span> <span class='ocrx_word' id='word_1_188' title='bbox 782 2511 917 2585; x_wconf 89' lang='lat' dir='ltr'><strong>Demea,</strong></span> 
     </span>
     <span class='ocr_line' id='line_1_27' title="bbox 129 2592 1029 2681; baseline 0.004 -27"><span class='ocrx_word' id='word_1_189' title='bbox 129 2593 217 2654; x_wconf 87' lang='lat' dir='ltr'><strong>Istuc</strong></span> <span class='ocrx_word' id='word_1_190' title='bbox 239 2604 286 2654; x_wconf 82' lang='lat' dir='ltr'><strong>est</strong></span> <span class='ocrx_word' id='word_1_191' title='bbox 307 2611 437 2673; x_wconf 80' lang='lat' dir='ltr'><strong>sapere,</strong></span> <span class='ocrx_word' id='word_1_192' title='bbox 458 2614 525 2654; x_wconf 89' lang='lat' dir='ltr'><strong>non</strong></span> <span class='ocrx_word' id='word_1_193' title='bbox 547 2595 632 2673; x_wconf 91' lang='lat' dir='ltr'><strong>quod</strong></span> <span class='ocrx_word' id='word_1_194' title='bbox 652 2610 727 2656; x_wconf 87' lang='lat' dir='ltr'><strong>ante</strong></span> <span class='ocrx_word' id='word_1_195' title='bbox 748 2596 845 2676; x_wconf 87' lang='lat' dir='ltr'><strong>pedes</strong></span> <span class='ocrx_word' id='word_1_196' title='bbox 863 2592 958 2681; x_wconf 71' lang='lat' dir='ltr'><strong>modo</strong></span> <span class='ocrx_word' id='word_1_197' title='bbox 980 2606 1029 2658; x_wconf 84' lang='lat' dir='ltr'><strong>est</strong></span> 
     </span>
     <span class='ocr_line' id='line_1_28' title="bbox 129 2675 902 2755; baseline 0.003 -21"><span class='ocrx_word' id='word_1_198' title='bbox 129 2675 266 2747; x_wconf 87' lang='lat' dir='ltr'><strong>Videre,</strong></span> <span class='ocrx_word' id='word_1_199' title='bbox 291 2675 347 2734; x_wconf 89' lang='lat' dir='ltr'><strong>sed</strong></span> <span class='ocrx_word' id='word_1_200' title='bbox 369 2678 466 2736; x_wconf 85' lang='lat' dir='ltr'><strong>etiam</strong></span> <span class='ocrx_word' id='word_1_201' title='bbox 486 2676 560 2746; x_wconf 90' lang='lat' dir='ltr'><strong>illa,</strong></span> <span class='ocrx_word' id='word_1_202' title='bbox 584 2695 665 2755; x_wconf 90' lang='lat' dir='ltr'><strong>quae</strong></span> <span class='ocrx_word' id='word_1_203' title='bbox 684 2679 795 2754; x_wconf 59' lang='lat' dir='ltr'><strong>futura</strong></span> <span class='ocrx_word' id='word_1_204' title='bbox 815 2690 902 2747; x_wconf 90' lang='lat' dir='ltr'><strong>sunt,</strong></span> 
     </span>
     <span class='ocr_line' id='line_1_29' title="bbox 128 2753 1198 2840; baseline 0.003 -19"><span class='ocrx_word' id='word_1_205' title='bbox 128 2758 328 2836; x_wconf 72' lang='lat' dir='ltr'><strong>Prospicere.</strong></span> <span class='ocrx_word' id='word_1_206' title='bbox 358 2757 399 2821; x_wconf 94' lang='lat' dir='ltr'><strong>D.</strong></span> <span class='ocrx_word' id='word_1_207' title='bbox 414 2759 524 2835; x_wconf 80' lang='lat' dir='ltr'><strong>Quid?</strong></span> <span class='ocrx_word' id='word_1_208' title='bbox 539 2759 638 2819; x_wconf 78' lang='lat' dir='ltr'><strong>istaec</strong></span> <span class='ocrx_word' id='word_1_209' title='bbox 652 2760 717 2836; x_wconf 83' lang='lat' dir='ltr'><strong>jam</strong></span> <span class='ocrx_word' id='word_1_210' title='bbox 731 2779 828 2840; x_wconf 85' lang='lat' dir='ltr'><strong>penes</strong></span> <span class='ocrx_word' id='word_1_211' title='bbox 842 2778 896 2822; x_wconf 86' lang='lat' dir='ltr'><strong>vos</strong></span> <span class='ocrx_word' id='word_1_212' title='bbox 911 2759 1042 2838; x_wconf 79' lang='lat' dir='ltr'><strong>psaltria</strong></span> <span class='ocrx_word' id='word_1_213' title='bbox 1056 2753 1129 2824; x_wconf 70' lang='lat' dir='ltr'><strong>est?</strong></span> <span class='ocrx_word' id='word_1_214' title='bbox 1158 2765 1198 2824; x_wconf 78' lang='lat'><strong>2⁵</strong></span> 
     </span>
     <span class='ocr_line' id='line_1_30' title="bbox 130 2836 1215 2931; baseline 0.001 -29"><span class='ocrx_word' id='word_1_215' title='bbox 130 2840 161 2905; x_wconf 90' lang='lat' dir='ltr'><strong>S.</strong></span> <span class='ocrx_word' id='word_1_216' title='bbox 173 2840 282 2931; x_wconf 76' lang='lat' dir='ltr'><strong>Ellam</strong></span> <span class='ocrx_word' id='word_1_217' title='bbox 298 2839 396 2904; x_wconf 87' lang='lat' dir='ltr'><strong>intus.</strong></span> <span class='ocrx_word' id='word_1_218' title='bbox 425 2840 468 2905; x_wconf 91' lang='lat' dir='ltr'><strong>D.</strong></span> <span class='ocrx_word' id='word_1_219' title='bbox 483 2841 568 2930; x_wconf 72' lang='lat' dir='ltr'><strong>Eho,</strong></span> <span class='ocrx_word' id='word_1_220' title='bbox 589 2859 632 2905; x_wconf 88' lang='lat' dir='ltr'><strong>an</strong></span> <span class='ocrx_word' id='word_1_221' title='bbox 653 2841 743 2905; x_wconf 89' lang='lat' dir='ltr'><strong>domi</strong></span> <span class='ocrx_word' id='word_1_222' title='bbox 756 2856 804 2907; x_wconf 88' lang='lat' dir='ltr'><strong>est</strong></span> <span class='ocrx_word' id='word_1_223' title='bbox 816 2836 1005 2906; x_wconf 67' lang='lat' dir='ltr'><strong>habiturust</strong></span> <span class='ocrx_word' id='word_1_224' title='bbox 1035 2840 1215 2929; x_wconf 56' lang='grc' dir='ltr'><strong>8.,5]εε(1ο,·ι</strong></span> 
     </span>
     <span class='ocr_line' id='line_1_31' title="bbox 649 2937 1126 2987; baseline 0.006 -3"><span class='ocrx_word' id='word_1_225' title='bbox 649 2940 687 2984; x_wconf 91' lang='lat' dir='ltr'><strong>ut</strong></span> <span class='ocrx_word' id='word_1_226' title='bbox 708 2937 756 2987; x_wconf 88' lang='lat' dir='ltr'><strong>est</strong></span> <span class='ocrx_word' id='word_1_227' title='bbox 1013 2974 1016 2983; x_wconf 95' lang='lat'><strong>.</strong></span> <span class='ocrx_word' id='word_1_228' title='bbox 1122 2966 1126 2973; x_wconf 91' lang='lat'>-</span> 
     </span>
     <span class='ocr_line' id='line_1_32' title="bbox 129 3004 1126 3087; baseline 0 -19"><span class='ocrx_word' id='word_1_229' title='bbox 129 3007 317 3068; x_wconf 77' lang='lat' dir='ltr'><strong>Dementia.</strong></span> <span class='ocrx_word' id='word_1_230' title='bbox 359 3006 400 3068; x_wconf 93' lang='lat' dir='ltr'><strong>D.</strong></span> <span class='ocrx_word' id='word_1_231' title='bbox 421 3007 586 3068; x_wconf 85' lang='lat' dir='ltr'><strong>Haeccine</strong></span> <span class='ocrx_word' id='word_1_232' title='bbox 607 3004 701 3087; x_wconf 61' lang='lat' dir='ltr'><strong>fieri?</strong></span> <span class='ocrx_word' id='word_1_233' title='bbox 744 3005 774 3067; x_wconf 91' lang='lat' dir='ltr'><strong>S.</strong></span> <span class='ocrx_word' id='word_1_234' title='bbox 795 3005 908 3085; x_wconf 90' lang='lat' dir='ltr'><strong>Inepta</strong></span> <span class='ocrx_word' id='word_1_235' title='bbox 929 3004 1062 3068; x_wconf 76' lang='lat' dir='ltr'><strong>lenitas&#39;</strong></span> <span class='ocrx_word' id='word_1_236' title='bbox 1114 3020 1126 3033; x_wconf 89' lang='grc'><em>·</em></span> 
     </span>
     <span class='ocr_line' id='line_1_33' title="bbox 130 3088 1016 3168; baseline 0.001 -18"><span class='ocrx_word' id='word_1_237' title='bbox 130 3088 232 3150; x_wconf 86' lang='lat' dir='ltr'><strong>Patris</strong></span> <span class='ocrx_word' id='word_1_238' title='bbox 250 3101 282 3148; x_wconf 90' lang='lat' dir='ltr'><strong>et</strong></span> <span class='ocrx_word' id='word_1_239' title='bbox 302 3088 439 3149; x_wconf 86' lang='lat' dir='ltr'><strong>facilitas</strong></span> <span class='ocrx_word' id='word_1_240' title='bbox 460 3108 564 3168; x_wconf 78' lang='lat' dir='ltr'><strong>praua.</strong></span> <span class='ocrx_word' id='word_1_241' title='bbox 606 3088 648 3153; x_wconf 90' lang='lat' dir='ltr'><strong>D.</strong></span> <span class='ocrx_word' id='word_1_242' title='bbox 670 3088 788 3150; x_wconf 87' lang='lat' dir='ltr'><strong>Fratris</strong></span> <span class='ocrx_word' id='word_1_243' title='bbox 809 3108 862 3148; x_wconf 90' lang='lat' dir='ltr'><strong>me</strong></span> <span class='ocrx_word' id='word_1_244' title='bbox 886 3089 1016 3167; x_wconf 88' lang='lat' dir='ltr'><strong>quidem</strong></span> 
     </span>
     <span class='ocr_line' id='line_1_34' title="bbox 131 3166 1077 3252; baseline 0.004 -23"><span class='ocrx_word' id='word_1_245' title='bbox 131 3170 236 3234; x_wconf 91' lang='lat' dir='ltr'><strong>Pudet</strong></span> <span class='ocrx_word' id='word_1_246' title='bbox 256 3172 417 3252; x_wconf 84' lang='lat' dir='ltr'><strong>pigetque.</strong></span> <span class='ocrx_word' id='word_1_247' title='bbox 460 3171 489 3230; x_wconf 87' lang='lat' dir='ltr'><strong>S.</strong></span> <span class='ocrx_word' id='word_1_248' title='bbox 511 3175 661 3233; x_wconf 90' lang='lat' dir='ltr'><strong>Nimium</strong></span> <span class='ocrx_word' id='word_1_249' title='bbox 681 3175 767 3243; x_wconf 79' lang='lat' dir='ltr'><strong>inter</strong></span> <span class='ocrx_word' id='word_1_250' title='bbox 790 3189 861 3240; x_wconf 86' lang='lat' dir='ltr'><strong>vos,</strong></span> <span class='ocrx_word' id='word_1_251' title='bbox 882 3170 1004 3231; x_wconf 88' lang='lat' dir='ltr'><strong>Demea</strong></span> <span class='ocrx_word' id='word_1_252' title='bbox 1025 3166 1077 3250; x_wconf 87' lang='lat' dir='ltr'><strong>(ac</strong></span> 
     </span>
     <span class='ocr_line' id='line_1_35' title="bbox 131 3252 1207 3334; baseline 0.003 -18"><span class='ocrx_word' id='word_1_253' title='bbox 131 3253 164 3316; x_wconf 92' lang='lat' dir='ltr'>N</span> <span class='ocrx_word' id='word_1_254' title='bbox 167 3272 219 3324; x_wconf 92' lang='lat' dir='ltr'><strong>on,</strong></span> <span class='ocrx_word' id='word_1_255' title='bbox 234 3252 310 3333; x_wconf 83' lang='lat' dir='ltr'><strong>quia</strong></span> <span class='ocrx_word' id='word_1_256' title='bbox 324 3253 397 3314; x_wconf 88' lang='lat' dir='ltr'><strong>ades</strong></span> <span class='ocrx_word' id='word_1_257' title='bbox 411 3273 570 3334; x_wconf 85' lang='lat' dir='ltr'><strong>praesens,</strong></span> <span class='ocrx_word' id='word_1_258' title='bbox 584 3253 656 3317; x_wconf 91' lang='lat' dir='ltr'><strong>dico</strong></span> <span class='ocrx_word' id='word_1_259' title='bbox 670 3253 757 3330; x_wconf 89' lang='lat' dir='ltr'><strong>hoc),</strong></span> <span class='ocrx_word' id='word_1_260' title='bbox 771 3253 971 3332; x_wconf 88' lang='lat' dir='ltr'><strong>pernimium</strong></span> <span class='ocrx_word' id='word_1_261' title='bbox 984 3254 1137 3318; x_wconf 84' lang='lat' dir='ltr'><strong>interest:</strong></span> <span class='ocrx_word' id='word_1_262' title='bbox 1159 3264 1207 3327; x_wconf 79' lang='lat'><strong>30,</strong></span> 
     </span>
     <span class='ocr_line' id='line_1_36' title="bbox 130 3335 873 3416; baseline -0.005 -20"><span class='ocrx_word' id='word_1_263' title='bbox 130 3337 203 3406; x_wconf 88' lang='lat' dir='ltr'><strong>Tu,</strong></span> <span class='ocrx_word' id='word_1_264' title='bbox 226 3349 364 3413; x_wconf 89' lang='lat' dir='ltr'><strong>quantus</strong></span> <span class='ocrx_word' id='word_1_265' title='bbox 385 3348 543 3416; x_wconf 86' lang='lat' dir='ltr'><strong>quantus,</strong></span> <span class='ocrx_word' id='word_1_266' title='bbox 564 3337 613 3398; x_wconf 93' lang='lat' dir='ltr'><strong>nil</strong></span> <span class='ocrx_word' id='word_1_267' title='bbox 633 3338 696 3397; x_wconf 91' lang='lat' dir='ltr'><strong>nisi</strong></span> <span class='ocrx_word' id='word_1_268' title='bbox 716 3335 873 3413; x_wconf 85' lang='lat' dir='ltr'><strong>sapientia</strong></span> 
     </span>
    </p>
   </div>
   <div class='ocr_carea' id='block_1_4' title="bbox 132 3386 1293 3940">
    <p class='ocr_par' dir='ltr' id='par_1_4' title="bbox 132 3386 1293 3632">
     <span class='ocr_line' id='line_1_37' title="bbox 132 3386 1286 3523; baseline -0.002 -43"><span class='ocrx_word' id='word_1_269' title='bbox 132 3419 193 3491; x_wconf 85' lang='lat' dir='ltr'><strong>Es3</strong></span> <span class='ocrx_word' id='word_1_270' title='bbox 216 3419 380 3479; x_wconf 83' lang='lat' dir='ltr'><strong>somnium</strong></span> <span class='ocrx_word' id='word_1_271' title='bbox 400 3419 467 3480; x_wconf 90' lang='lat' dir='ltr'><strong>ille.</strong></span> <span class='ocrx_word' id='word_1_272' title='bbox 510 3418 635 3481; x_wconf 82' lang='lat' dir='ltr'><strong>Sineres</strong></span> <span class='ocrx_word' id='word_1_273' title='bbox 657 3439 733 3480; x_wconf 86' lang='lat' dir='ltr'><strong>vero</strong></span> <span class='ocrx_word' id='word_1_274' title='bbox 753 3416 860 3480; x_wconf 89' lang='lat' dir='ltr'><strong>illunc</strong></span> <span class='ocrx_word' id='word_1_275' title='bbox 880 3429 976 3478; x_wconf 88' lang='lat' dir='ltr'><strong>tuum</strong></span> <span class='ocrx_word' id='word_1_276' title='bbox 1236 3386 1286 3523; x_wconf 18' lang='grc' dir='ltr'><strong>ῥ’</strong></span> 
     </span>
     <span class='ocr_line' id='line_1_38' title="bbox 201 3548 1293 3632; baseline -0.002 -18"><span class='ocrx_word' id='word_1_277' title='bbox 201 3557 437 3622; x_wconf 73' lang='lat' dir='ltr'><strong>A.111,sc.1v‚</strong></span> <span class='ocrx_word' id='word_1_278' title='bbox 462 3576 486 3611; x_wconf 76' lang='lat' dir='ltr'><strong>a.</strong></span> <span class='ocrx_word' id='word_1_279' title='bbox 508 3561 554 3613; x_wconf 86' lang='lat' dir='ltr'><strong>Ita</strong></span> <span class='ocrx_word' id='word_1_280' title='bbox 576 3556 958 3626; x_wconf 65' lang='lat' dir='ltr'><strong>gileroll.llsoens.Bentl.</strong></span> <span class='ocrx_word' id='word_1_281' title='bbox 990 3557 1038 3612; x_wconf 80' lang='lat' dir='ltr'><strong>V.t</strong></span> <span class='ocrx_word' id='word_1_282' title='bbox 1065 3548 1100 3629; x_wconf 83' lang='lat' dir='ltr'>Q</span> <span class='ocrx_word' id='word_1_283' title='bbox 1139 3576 1199 3612; x_wconf 82' lang='lat' dir='ltr'><strong>.se</strong></span> <span class='ocrx_word' id='word_1_284' title='bbox 1286 3622 1293 3632; x_wconf 84' lang='lat'><strong>.</strong></span> 
     </span>
    </p>

    <p class='ocr_par' dir='ltr' id='par_1_5' title="bbox 134 3576 1199 3695">
     <span class='ocr_line' id='line_1_39' title="bbox 134 3576 1199 3695; baseline 0 -16"><span class='ocrx_word' id='word_1_285' title='bbox 134 3627 214 3679; x_wconf 83' lang='lat' dir='ltr'><strong>hab.</strong></span> <span class='ocrx_word' id='word_1_286' title='bbox 245 3626 367 3678; x_wconf 58' lang='lat' dir='ltr'><strong>Donata</strong></span> <span class='ocrx_word' id='word_1_287' title='bbox 398 3627 649 3690; x_wconf 83' lang='lat' dir='ltr'><strong>„En&#39;arramus</strong></span> <span class='ocrx_word' id='word_1_288' title='bbox 693 3641 726 3676; x_wconf 89' lang='lat' dir='ltr'><strong>ro</strong></span> <span class='ocrx_word' id='word_1_289' title='bbox 749 3627 1024 3690; x_wconf 81' lang='lat' dir='ltr'><strong>enarravimus,</strong></span> <span class='ocrx_word' id='word_1_290' title='bbox 1051 3633 1083 3675; x_wconf 88' lang='lat' dir='ltr'><strong>ut</strong></span> <span class='ocrx_word' id='word_1_291' title='bbox 1107 3576 1199 3695; x_wconf 46' lang='lat' dir='ltr'><strong>(Dirg.</strong></span> 
     </span>
    </p>

    <p class='ocr_par' dir='ltr' id='par_1_6' title="bbox 133 3690 1202 3760">
     <span class='ocr_line' id='line_1_40' title="bbox 133 3690 1202 3760; baseline -0.003 -13"><span class='ocrx_word' id='word_1_292' title='bbox 133 3699 206 3748; x_wconf 79' lang='lat' dir='ltr'><strong>Aen.</strong></span> <span class='ocrx_word' id='word_1_293' title='bbox 223 3709 249 3759; x_wconf 69' lang='lat' dir='ltr'><strong>g,</strong></span> <span class='ocrx_word' id='word_1_294' title='bbox 270 3694 312 3758; x_wconf 54' lang='grc' dir='ltr'><strong>ὼε</strong></span> <span class='ocrx_word' id='word_1_295' title='bbox 331 3693 423 3743; x_wconf 86' lang='lat' dir='ltr'><strong>omnis</strong></span> <span class='ocrx_word' id='word_1_296' title='bbox 439 3693 529 3744; x_wconf 87' lang='lat' dir='ltr'><strong>humo</strong></span> <span class='ocrx_word' id='word_1_297' title='bbox 545 3695 663 3745; x_wconf 87' lang='lat' dir='ltr'><strong>fumat</strong></span> <span class='ocrx_word' id='word_1_298' title='bbox 707 3692 825 3760; x_wconf 87' lang='lat' dir='ltr'><strong>eptunia</strong></span> <span class='ocrx_word' id='word_1_299' title='bbox 843 3690 961 3756; x_wconf 85' lang='lat' dir='ltr'><strong>Troja.“</strong></span> <span class='ocrx_word' id='word_1_300' title='bbox 996 3691 1083 3746; x_wconf 87' lang='lat' dir='ltr'><strong>Plura</strong></span> <span class='ocrx_word' id='word_1_301' title='bbox 1099 3707 1202 3760; x_wconf 83' lang='lat' dir='ltr'><strong>synco-</strong></span> 
     </span>
    </p>

    <p class='ocr_par' dir='ltr' id='par_1_7' title="bbox 134 3755 1249 3842">
     <span class='ocr_line' id='line_1_41' title="bbox 134 3755 1249 3842; baseline 0.002 -32"><span class='ocrx_word' id='word_1_302' title='bbox 134 3777 184 3842; x_wconf 70' lang='lat' dir='ltr'><strong>pes</strong></span> <span class='ocrx_word' id='word_1_303' title='bbox 202 3759 333 3837; x_wconf 74' lang='lat' dir='ltr'><strong>exempla</strong></span> <span class='ocrx_word' id='word_1_304' title='bbox 351 3760 457 3827; x_wconf 81' lang='lat' dir='ltr'><strong>Guyet.</strong></span> <span class='ocrx_word' id='word_1_305' title='bbox 475 3760 618 3831; x_wconf 78' lang='lat' dir='ltr'><strong>congessit</strong></span> <span class='ocrx_word' id='word_1_306' title='bbox 634 3757 669 3809; x_wconf 82' lang='lat' dir='ltr'><strong>ad</strong></span> <span class='ocrx_word' id='word_1_307' title='bbox 687 3759 715 3809; x_wconf 93' lang='lat' dir='ltr'><strong>h.</strong></span> <span class='ocrx_word' id='word_1_308' title='bbox 734 3758 754 3809; x_wconf 92' lang='lat' dir='ltr'><strong>l.</strong></span> <span class='ocrx_word' id='word_1_309' title='bbox 794 3773 818 3824; x_wconf 79' lang='lat'><strong>5.</strong></span> <span class='ocrx_word' id='word_1_310' title='bbox 835 3758 879 3810; x_wconf 89' lang='lat' dir='ltr'><strong>·In&#39;</strong></span> <span class='ocrx_word' id='word_1_311' title='bbox 895 3755 1054 3810; x_wconf 86' lang='lat' dir='ltr'><strong>Helmstad.</strong></span> <span class='ocrx_word' id='word_1_312' title='bbox 1078 3759 1200 3812; x_wconf 84' lang='lat' dir='ltr'><strong>stFrib.</strong></span> <span class='ocrx_word' id='word_1_313' title='bbox 1234 3764 1249 3775; x_wconf 74' lang='grc'><strong>“</strong></span> 
     </span>
    </p>

    <p class='ocr_par' dir='ltr' id='par_1_8' title="bbox 134 3822 1202 3940">
     <span class='ocr_line' id='line_1_42' title="bbox 134 3822 1202 3940; baseline -0.004 -59"><span class='ocrx_word' id='word_1_314' title='bbox 134 3827 172 3881; x_wconf 81' lang='lat' dir='ltr'><strong>id</strong></span> <span class='ocrx_word' id='word_1_315' title='bbox 189 3843 248 3879; x_wconf 89' lang='lat' dir='ltr'><strong>non</strong></span> <span class='ocrx_word' id='word_1_316' title='bbox 264 3822 388 3893; x_wconf 72' lang='lat' dir='ltr'><strong>legitur,</strong></span> <span class='ocrx_word' id='word_1_317' title='bbox 411 3836 440 3876; x_wconf 91' lang='lat' dir='ltr'><strong>et</strong></span> <span class='ocrx_word' id='word_1_318' title='bbox 456 3833 553 3893; x_wconf 82' lang='lat' dir='ltr'><strong>potest</strong></span> <span class='ocrx_word' id='word_1_319' title='bbox 574 3824 723 3877; x_wconf 85' lang='lat' dir='ltr'><strong>commodo</strong></span> <span class='ocrx_word' id='word_1_320' title='bbox 747 3825 852 3877; x_wconf 87' lang='lat' dir='ltr'><strong>abesse.</strong></span> <span class='ocrx_word' id='word_1_321' title='bbox 894 3823 933 3873; x_wconf 80' lang='lat'><strong>16.</strong></span> <span class='ocrx_word' id='word_1_322' title='bbox 959 3824 1082 3940; x_wconf 50' lang='lat' dir='ltr'><strong>Gugetn</strong></span> <span class='ocrx_word' id='word_1_323' title='bbox 1106 3823 1202 3877; x_wconf 80' lang='lat' dir='ltr'><strong>haud</strong></span> 
     </span>
    </p>
   </div>
   <div class='ocr_carea' id='block_1_5' title="bbox 135 3889 1202 4115">
    <p class='ocr_par' dir='ltr' id='par_1_9' title="bbox 135 3889 1202 4115">
     <span class='ocr_line' id='line_1_43' title="bbox 135 3889 1202 3967; baseline 0.001 -23"><span class='ocrx_word' id='word_1_324' title='bbox 135 3893 295 3967; x_wconf 85' lang='lat' dir='ltr'><strong>placent.</strong></span> <span class='ocrx_word' id='word_1_325' title='bbox 313 3890 368 3942; x_wconf 85' lang='lat' dir='ltr'><strong>Sed</strong></span> <span class='ocrx_word' id='word_1_326' title='bbox 380 3902 507 3945; x_wconf 86' lang='lat' dir='ltr'><strong>metrum</strong></span> <span class='ocrx_word' id='word_1_327' title='bbox 519 3892 560 3943; x_wconf 87' lang='lat' dir='ltr'><strong>sic</strong></span> <span class='ocrx_word' id='word_1_328' title='bbox 573 3906 689 3960; x_wconf 81' lang='lat' dir='ltr'><strong>quoque</strong></span> <span class='ocrx_word' id='word_1_329' title='bbox 701 3898 812 3944; x_wconf 87' lang='lat' dir='ltr'><strong>sartum</strong></span> <span class='ocrx_word' id='word_1_330' title='bbox 822 3897 945 3955; x_wconf 84' lang='lat' dir='ltr'><strong>tectum,</strong></span> <span class='ocrx_word' id='word_1_331' title='bbox 956 3906 1004 3941; x_wconf 87' lang='lat' dir='ltr'><strong>mo</strong></span> <span class='ocrx_word' id='word_1_332' title='bbox 1025 3905 1042 3940; x_wconf 95' lang='lat' dir='ltr'><strong>o</strong></span> <span class='ocrx_word' id='word_1_333' title='bbox 1054 3889 1202 3959; x_wconf 72' lang='lat' dir='ltr'><strong>quidem</strong></span> 
     </span>
     <span class='ocr_line' id='line_1_44' title="bbox 136 3960 1201 4036; baseline 0.001 -20"><span class='ocrx_word' id='word_1_334' title='bbox 136 3960 316 4034; x_wconf 52' lang='lat' dir='ltr'><strong>manime</strong></span> <span class='ocrx_word' id='word_1_335' title='bbox 332 3967 575 4034; x_wconf 78' lang='lat' dir='ltr'><strong>pronuntiaveris,</strong></span> <span class='ocrx_word' id='word_1_336' title='bbox 590 3967 666 4019; x_wconf 87' lang='lat' dir='ltr'><strong>sicut</strong></span> <span class='ocrx_word' id='word_1_337' title='bbox 678 3971 780 4036; x_wconf 86' lang='lat' dir='ltr'><strong>passim</strong></span> <span class='ocrx_word' id='word_1_338' title='bbox 791 3965 958 4023; x_wconf 71' lang='lat' dir='ltr'><strong>faciendum</strong></span> <span class='ocrx_word' id='word_1_339' title='bbox 970 3971 1023 4015; x_wconf 83' lang='lat' dir='ltr'><strong>est.</strong></span> <span class='ocrx_word' id='word_1_340' title='bbox 1057 3980 1099 4032; x_wconf 73' lang='lat'><strong>5³·</strong></span> <span class='ocrx_word' id='word_1_341' title='bbox 1107 3964 1201 4021; x_wconf 79' lang='lat' dir='ltr'><strong>Beati.</strong></span> 
     </span>
     <span class='ocr_line' id='line_1_45' title="bbox 137 4038 1201 4115; baseline 0.002 -21"><span class='ocrx_word' id='word_1_342' title='bbox 137 4040 294 4105; x_wconf 75' lang='lat' dir='ltr'><strong>secuudum</strong></span> <span class='ocrx_word' id='word_1_343' title='bbox 310 4041 437 4097; x_wconf 79' lang='lat' dir='ltr'><strong>vatican.</strong></span> <span class='ocrx_word' id='word_1_344' title='bbox 454 4038 567 4098; x_wconf 79' lang='lat' dir='ltr'><strong>Basilio.</strong></span> <span class='ocrx_word' id='word_1_345' title='bbox 584 4049 614 4098; x_wconf 83' lang='lat' dir='ltr'><strong>ot</strong></span> <span class='ocrx_word' id='word_1_346' title='bbox 629 4056 829 4114; x_wconf 75' lang='lat' dir='ltr'><strong>patruorum,</strong></span> <span class='ocrx_word' id='word_1_347' title='bbox 847 4038 880 4094; x_wconf 79' lang='lat' dir='ltr'><strong>in</strong></span> <span class='ocrx_word' id='word_1_348' title='bbox 897 4038 1003 4113; x_wconf 80' lang='lat' dir='ltr'><strong>quibus</strong></span> <span class='ocrx_word' id='word_1_349' title='bbox 1019 4047 1059 4096; x_wconf 83' lang='lat' dir='ltr'><strong>tu</strong></span> <span class='ocrx_word' id='word_1_350' title='bbox 1074 4038 1201 4115; x_wconf 67' lang='lat' dir='ltr'><strong>legitera</strong></span> 
     </span>
    </p>
   </div>
   <div class='ocr_carea' id='block_1_6' title="bbox 0 0 1321 4544">
    <p class='ocr_par' dir='ltr' id='par_1_10' title="bbox 0 0 1321 4544">
     <span class='ocr_line' id='line_1_46' title="bbox 0 0 1321 4544; baseline 0 0"><span class='ocrx_word' id='word_1_351' title='bbox 0 0 1321 4544; x_wconf 95' lang='lat' dir='ltr'><strong> </strong></span> 
     </span>
    </p>
   </div>
  </div>
 </body>
</html>
