2602 4536
428 318 431 337 .
522 258 803 335 EUNUCHUS.
1129 284 1214 359 rap.

129 444 180 509 Ut
199 455 260 506 too
280 444 384 507 amori
404 440 600 525 suppeditarl
620 440 720 523 possit
740 442 809 503 aloe
829 452 940 505 sumtu
958 440 1081 505 too'asl
1156 438 1159 451 '

131 527 255 589 Omnia
274 525 373 599 haec,
394 527 498 609 magis
515 538 735 606 opportunus,
755 545 817 587 nec
836 529 940 607 magis
962 546 1004 588 ex
1023 543 1084 588 usu
1102 538 1162 588 tuo
1265 546 1269 553 “

92 604 105 669 ’.
131 610 240 674 Nemo
263 622 318 671 eat
359 610 527 688 Principio
552 621 591 671 at
618 607 734 751 halbet,
763 606 848 687 quotl
869 608 943 680 det,
966 606 1009 691 ‘et
1029 610 1086 672 dat
1104 627 1205 752 nem33

147 704 151 709 ·
571 728 580 743 ³
668 711 702 752 ar
725 695 792 757 iust

131 758 255 839 Fatuus
277 784 342 844 est,
363 771 521 845 insulsus,
542 772 672 846 tardus,
694 712 801 835 sgtertit
821 785 931 834 noctes
952 783 984 834 et
1004 772 1091 845 dieu
1238 770 1249 799 ““

131 860 249 941 Neque
269 859 373 919 istum
390 868 535 931 metuas,
557 875 601 917 ne
621 856 986 998 omapmuliersiacila
1006 856 1125 939 pellar,
1146 853 1205 925 abi

175 973 179 980 ·
498 999 499 1003 ,
652 958 743 1000 vers.
1052 940 1074 1002 i.
1096 951 1121 1002 t.
1293 984 1296 989 ·

130 1017 479 1103 Pm-Quid··agimuri
509 1021 552 1082 G.
567 1022 741 1116 Praeterea
756 1019 820 1081 hoc
841 1022 951 1095 etiam,
973 1021 1059 1105 qood
1079 1040 1140 1104 ago
1155 1016 1206 1082 rel

89 1176 97 1191 ¹
392 1146 397 1157 .
653 1114 799 1183 primum
818 1102 918 1186 poto:
1020 1119 1045 1166 t.
1068 1117 1091 1165 t.
1113 1124 1150 1181 ε.1

131 1187 267 1265 Accipit
282 1184 383 1249 homo
405 1205 502 1247 nemo
523 1184 641 1246 melius
660 1204 827 1265 prorsum,
849 1207 955 1267 neque
974 1187 1142 1267 prolixius.

107 1268 197 1343 »Par
219 1268 354 1345 Mirum,
373 1271 410 1329 ni
431 1269 508 1332 illoc
522 1267 656 1346 homine
670 1287 797 1348 quoquo
815 1281 908 1346 pacto
926 1282 1031 1351 opust.
1061 1268 1096 1332 G.
1113 1268 1208 1331 Idem
1231 1298 1239 1313 ¹

175 1378 178 1385 ·
284 1366 287 1371 ·
655 1370 715 1433 ego
736 1351 882 1413 arbitror.
1088 1370 1091 1375 '
1122 1352 1127 1361 “
1165 1350 1206 1416 35

137 1432 180 1497 G.
199 1432 300 1499 Recta
318 1431 435 1496 facitis.
461 1432 575 1495 Unum
597 1434 695 1494 etiarn
717 1453 770 1493 vos
792 1454 859 1508 oro,
881 1446 920 1496 ut
940 1453 996 1496 me
1010 1433 1048 1495 in
1062 1446 1208 1497 vostrum

677 1535 711 1576 re
735 1535 787 1576 em

134 1596 329 1679 Recipiatis:
352 1594 427 1680 ratis
442 1598 498 1659 diu
511 1597 572 1659 hoc
585 1600 648 1675 jam
655 1537 776 1659 {naum
792 1598 895 1663 volvo.
930 1601 989 1662 Pa.
1005 1597 1205 1681 Recipimua.

136 1678 395 1743 C.Acluhenter.
419 1679 457 1742 G.
467 1680 745 1762 Ategoproistoc,
761 1681 928 1753 Phaedria,
944 1694 977 1741 et
991 1692 1040 1753 tu,
1051 1680 1205 1755 Chaerea,

91 1792 95 1799 =
132 1762 238 1823 Hunc
254 1760 487 1825 comedendum
502 1777 536 1822 et
549 1763 750 1823 ebibendum
763 1764 850 1825 vobis
863 1765 1010 1844 propino.
1039 1761 1075 1824 G.
1090 1763 1207 1825 Placet.

132 1846 198 1911 PH.
218 1844 347 1927 Dignus
368 1845 424 1906 est.
467 1844 509 1905 G.
531 1843 665 1915 Thraso,
687 1847 813 1919 accede,
835 1847 969 1909 ubivis.
1006 1844 1048 1908 Τ.
1068 1844 1208 1907 Obsecro

129 1940 135 1957 ¹
236 1991 239 1995 ,
544 1924 550 1931 ’
656 1937 707 2000 te,
729 1929 807 2006 quid
827 1925 974 2009 agimusi
1024 1978 1027 1983 -
1166 1927 1209 1991 ΛΟ
1251 1953 1256 1959 ’

136 2004 181 2071 G.
202 2006 315 2087 Quid?
336 2008 393 2072 Isti
413 2022 448 2070 te
467 2007 671 2092 ignorabant.
700 2014 876 2092 Postquam
897 2011 943 2075 eis
961 2028 1068 2073 morea
1083 2012 1208 2073 ostendi

100 2148 103 2153 ,
135 2109 137 2113 ·
290 2128 293 2133 -
654 2106 738 2166 tuos,
918 2130 921 2135 -
1057 2094 1080 2156 i.
1100 2106 1125 2156 t.

102 2212 105 2223 ·
134 2174 183 2239 Et
202 2173 396 2236 conlaudavi
417 2177 593 2236 secundum
614 2173 700 2237 facta
721 2188 754 2237 et
774 2177 910 2239 virtutes
930 2189 1019 2238 tuas:
1087 2189 1110 2238 t.
1132 2190 1157 2238 t.
1178 2197 1207 2238 c.

131 2254 321 2336 impetravi.
362 2257 401 2320 T.
424 2257 512 2318 Bene
533 2260 657 2320 fecisti:
680 2259 819 2341 gratiam
839 2259 943 2321 habeo
965 2277 1166 2322 maxumam.

135 2340 318 2419 Nunquam
332 2343 432 2403 etiam
451 2340 501 2403 fui
514 2342 661 2425 usquam,
683 2346 762 2420 quin
775 2363 830 2404 ma
850 2344 992 2403 amarint·
1004 2362 1116 2405 omnes
1136 2342 1207 2422 plu·

357 2469 361 2477 .
659 2443 793 2486 rimam.

203 2523 248 2581 ,aa
265 2514 311 2567 Ita
326 2515 403 2568 Ririi
420 2515 550 2587 plerique
565 2515 662 2583 MSS.,
684 2515 809 2578 Bentleji
823 2529 857 2579 a,
876 2515 988 2583 ,Guyat
1015 2506 1063 2568 ’να
1080 2531 1208 2597 cuppae

139 2580 276 2635 ditare.
303 2582 652 2636 Bentl.:Utt.am.su
687 2582 1210 2652 peditare(suppetere)possint
1294 2592 1300 2603 '

136 2662 163 2703 a.
177 2663 204 2705 a.
221 2655 287 2699 tuo
304 2648 437 2701 Omnia
453 2650 543 2702 haec
560 2658 615 2702 etc.
642 2601 703 2701 bisc
720 2646 860 2716 displicet.
886 2647 992 2701 Ortum
1008 2646 1129 2701 fortasse
1144 2658 1208 2703 tuo

101 2738 104 2743 ·
139 2714 186 2768 ari
199 2730 236 2766 ox
251 2723 316 2766 tuo
326 2715 353 2767 d.
377 2715 458 2768 Vidd.
478 2717 588 2768 Charis.
602 2735 631 2785 p.
645 2724 685 2785 87.
703 2713 832 2779 Putsch.,
848 2714 927 2784 Lips.
940 2716 1058 2782 Antiqu.
1071 2717 1164 2767 Loctt.
1181 2732 1208 2782 2,

89 2796 93 2807 ¹
140 2797 183 2848 14
216 2785 258 2846 gr.
276 2784 395 2834 Frustra
411 2782 522 2837 uenit:
541 2782 684 2835 hardus.
706 2784 840 2833 Noctes
858 2782 959 2833 Rama.
976 2781 1082 2847 aliique
1098 2783 1210 2834 Fae‘ruo

140 2847 195 2900 risi
211 2846 310 2914 codd.,
327 2852 351 2901 A
368 2859 398 2901 et
415 2850 437 2901 C
453 2848 570 2913 Beroll.,
587 2865 681 2917 nequa
698 2846 898 2901 aliterBentl.
925 2849 973 2901 V.t
992 2855 1207 2919 noctesque.

138 2929 184 3034 ἓξ.
199 2915 253 2966 Pr.
267 2914 347 2982 hoc,
363 2919 411 2970 Pr.
425 2917 480 2968 hoc
492 2917 597 2984 cogita.
616 2917 660 2968 Cf.
674 2930 715 2981 25.
747 2930 789 2980 54.
803 2915 849 2964 Sic
862 2911 978 2981 quidam
992 2911 1085 2978 codd.,
1100 2913 1208 2983 Guyat.

167 2996 194 3032 et

195 2977 238 3033 rtl.
267 2983 316 3036 V..·
340 2985 373 3033 A.
397 2982 606 3034 hominem.¹
629 2984 800 3034 Prorsum
830 2995 884 3047 pro
906 2977 1026 3096 vqlqato
1081 2997 1209 3034 rorsua

141 3055 209 3098 vett.
232 3047 383 3113 nonnulli,
405 3050 437 3100 in
461 3048 566 3119 quibus
587 3044 945 3117 RegiusGuyeti,Serv11
974 3044 1036 3097 ibet
1087 3046 1114 3099 S.
1128 3049 1210 3120 apud

139 3126 243 3180 Fraus.
255 3123 430 3187 Fabricium,
438 3126 551 3174 Arcens.
564 3122 693 3175 Probant
705 3120 953 3189 Guyerietssenrl,
965 3113 1145 3184 ἑμοιοτέλευφον
1167 3134 1210 3179 ῃ.

184 3199 372 3262 eingratum
393 3195 512 3247 sibilum
534 3195 660 3246 vitaturi.
707 3195 748 3261 36.
777 3195 822 3247 Ita
845 3192 940 3246 Bentl.
963 3196 1122 3249 secuudum
1144 3216 1209 3252 suos

139 3213 224 3317 bilSS.
251 3273 282 3313 et
302 3259 368 3315 edd.
392 3272 462 3313 vett.
502 3260 548 3312 Sic
570 3263 659 3312 etiam
681 3264 705 3312 A
722 3260 817 3313 Berol.
834 3260 992 3314 Helmstatl.
1023 3264 1071 3318 v.:
1093 3267 1210 3317 etiam

140 3331 210 3385 hoc
227 3345 297 3382 vos.
330 3342 374 3395 59.
392 3328 439 3380 Sic
455 3327 558 3380 itidem
570 3328 668 3380 Bentl.
686 3328 844 3378 secundum
855 3328 984 3382 Nonium
1002 3346 1026 3380 v.
1040 3330 1208 3399 Propinare,

162 3398 208 3451 uis
221 3394 438 3458 Terentius,
451 3395 557 3466 inquit,
570 3395 760 3446 Eunucho:
778 3397 882 3445 Hunc
899 3396 1004 3448 vobis
1019 3398 1209 3450 comedan-

133 3415 279 3534 ⁴{umet
295 3461 495 3513 bibendum
512 3469 548 3513 et
566 3459 992 3541 deridendum-propino.
1016 3465 1063 3513 V.:
1081 3465 1116 3514 H.
1130 3478 1156 3514 c.
1174 3472 1209 3516 et

142 3532 227 3599 dari
237 3527 329 3581 danti
341 3545 397 3583 um
413 3545 439 3579 v.
453 3545 555 3600 prop.¹
585 3543 629 3593 4⁰·
640 3528 1022 3597 Expressimusscrrpturam
1035 3529 1139 3580 Fribur
1159 3547 1208 3582 err·

142 3615 214 3651 sem.
235 3598 286 3647 Vn.
301 3595 365 3659 uhi
383 3597 451 3659 via,
470 3593 615 3647 accede.
649 3597 768 3646 Danao:
794 3595 982 3659 „Honorifice
998 3545 1209 3673 revocat'aiila·

141 3674 243 3734 garum
260 3678 328 3714 cum
346 3661 452 3726 injuria
470 3665 551 3729 (ao),
569 3661 690 3713 dicendo
707 3660 761 3712 Ubi
779 3660 834 3713 vis:
850 3664 918 3731 quia
935 3661 1046 3712 Accede
1063 3663 1220 3730 imparati--

141 3747 213 3782 vum
230 3735 356 3781 erat.“-
375 3744 418 3794 45.
436 3727 503 3779 Sine
521 3743 605 3780 causa
621 3729 723 3778 idonea
738 3725 849 3783 Beati:
873 3727 1032 3780 fecistis.
1066 3727 1151 3797 Quod
1166 3727 1208 3780 oi-

141 3796 275 3852 ienderet
290 3797 322 3849 iu
337 3795 399 3847 viro
415 3794 567 3864 prudente,
586 3797 694 3864 gratias
711 3793 806 3863 ipsum
821 3809 907 3864 agere
922 3793 958 3845 aa
968 3810 1001 3845 re
1013 3792 1067 3845 tali
1083 3797 1209 3864 parasito

143 3862 981 3940 auocoramrivali,idenipiacetinmiliteinapto,tauquam
989 3866 1208 3945 χαρὸκτηριςικὸν,
1273 3916 1290 3927 „

141 3961 185 4011 44.
202 3947 246 3997 Ita
262 3946 355 3997 Bentl.
374 3942 532 3996 secuudum
550 3942 631 3996 codd.
649 3958 730 4007 suos,
757 3957 854 4012 neque
871 3942 956 3994 aliter
972 3947 996 3994 A
1013 3936 1207 3998 etCBeroll.
1258 3980 1266 3995 .

141 4013 345 4064 Bribhscens.
368 4013 415 4065 Va
433 4015 609 4063 amarent.
629 4006 876 4061 Dediamariut
891 4011 1208 4091 omnes(nam.vulgu

142 4079 269 4145 legitur:
294 4094 414 4146 omnes
436 4080 529 4140 am),
554 4093 591 4128 ne
614 4090 738 4133 omues
754 4077 784 4127 in
801 4072 912 4143 syllaba
927 4085 1088 4143 posteriora
1104 4082 1207 4131 acuan-

144 4145 215 4198 dum
232 4154 303 4198 assat
320 4151 420 4197 contra
435 4152 545 4211 artam,
563 4142 735 4213 praesertim
751 4142 893 4201 Terentii,
1056 4144 1059 4149 '
