<?xml version="1.0" encoding="UTF-8"?>
<!DOCTYPE html PUBLIC "-//W3C//DTD XHTML 1.0 Transitional//EN"
    "http://www.w3.org/TR/xhtml1/DTD/xhtml1-transitional.dtd">
<html xmlns="http://www.w3.org/1999/xhtml" xml:lang="en" lang="en">
 <head>
  <title>
</title>
<meta http-equiv="Content-Type" content="text/html;charset=utf-8" />
  <meta name='ocr-system' content='tesseract 3.04.00' />
  <meta name='ocr-capabilities' content='ocr_page ocr_carea ocr_par ocr_line ocrx_word'/>
</head>
<body>
  <div class='ocr_page' id='page_1' title='image "./poetaescenicila00bothgoog_0201.png"; bbox 0 0 2602 4536; ppageno 0'>
   <div class='ocr_carea' id='block_1_1' title="bbox 126 250 1203 581">
    <p class='ocr_par' dir='ltr' id='par_1_1' title="bbox 126 250 1203 581">
     <span class='ocr_line' id='line_1_1' title="bbox 133 250 823 353; baseline -0.004 -23"><span class='ocrx_word' id='word_1_1' title='bbox 133 258 201 353; x_wconf 76' lang='lat'><em>19⁶</em></span> <span class='ocrx_word' id='word_1_2' title='bbox 507 253 549 324; x_wconf 83' lang='grc' dir='ltr'><em>Ρ.</em></span> <span class='ocrx_word' id='word_1_3' title='bbox 582 250 823 327; x_wconf 68' lang='lat' dir='ltr'><em>mmm</em></span> 
     </span>
     <span class='ocr_line' id='line_1_2' title="bbox 126 426 1203 581; baseline 0.003 -80"><span class='ocrx_word' id='word_1_4' title='bbox 126 436 220 527; x_wconf 79' lang='lat' dir='ltr'><em>quod</em></span> <span class='ocrx_word' id='word_1_5' title='bbox 238 434 434 509; x_wconf 85' lang='lat' dir='ltr'><em>dissolutus,</em></span> <span class='ocrx_word' id='word_1_6' title='bbox 457 432 549 521; x_wconf 82' lang='lat' dir='ltr'><em>quod</em></span> <span class='ocrx_word' id='word_1_7' title='bbox 567 436 803 517; x_wconf 68' lang='lat' dir='ltr'><em>intemperans,</em></span> <span class='ocrx_word' id='word_1_8' title='bbox 810 436 917 581; x_wconf 60' lang='lat' dir='ltr'><em>chm</em></span> <span class='ocrx_word' id='word_1_9' title='bbox 926 426 1081 513; x_wconf 81' lang='lat' dir='ltr'><em>vinosus,</em></span> <span class='ocrx_word' id='word_1_10' title='bbox 1102 438 1203 525; x_wconf 78' lang='lat' dir='ltr'><em>qnod</em></span> 
     </span>
    </p>
   </div>
   <div class='ocr_carea' id='block_1_2' title="bbox 9 515 1208 4132">
    <p class='ocr_par' dir='ltr' id='par_1_2' title="bbox 9 515 1208 4132">
     <span class='ocr_line' id='line_1_3' title="bbox 125 515 1200 608; baseline 0.001 -23"><span class='ocrx_word' id='word_1_11' title='bbox 125 534 309 593; x_wconf 80' lang='lat' dir='ltr'><em>scortator,</em></span> <span class='ocrx_word' id='word_1_12' title='bbox 323 518 415 603; x_wconf 78' lang='lat' dir='ltr'><em>quod</em></span> <span class='ocrx_word' id='word_1_13' title='bbox 427 517 552 580; x_wconf 71' lang='lat' dir='ltr'><em>sullies</em></span> <span class='ocrx_word' id='word_1_14' title='bbox 564 516 670 579; x_wconf 75' lang='lat' dir='ltr'><em>lonae</em></span> <span class='ocrx_word' id='word_1_15' title='bbox 682 522 732 583; x_wconf 88' lang='lat' dir='ltr'><em>rei</em></span> <span class='ocrx_word' id='word_1_16' title='bbox 744 526 810 583; x_wconf 88' lang='lat' dir='ltr'><em>Aes</em></span> <span class='ocrx_word' id='word_1_17' title='bbox 850 524 926 582; x_wconf 80' lang='lat' dir='ltr'><em>inus</em></span> <span class='ocrx_word' id='word_1_18' title='bbox 942 515 1052 608; x_wconf 80' lang='lat' dir='ltr'><em>foret,</em></span> <span class='ocrx_word' id='word_1_19' title='bbox 1066 540 1200 587; x_wconf 79' lang='lat' dir='ltr'><em>omnem</em></span> 
     </span>
     <span class='ocr_line' id='line_1_4' title="bbox 124 600 1201 689; baseline -0.005 -19"><span class='ocrx_word' id='word_1_20' title='bbox 124 608 161 669; x_wconf 93' lang='lat' dir='ltr'><em>in</em></span> <span class='ocrx_word' id='word_1_21' title='bbox 179 606 327 669; x_wconf 86' lang='lat' dir='ltr'><em>Micione</em></span> <span class='ocrx_word' id='word_1_22' title='bbox 339 621 404 662; x_wconf 90' lang='lat' dir='ltr'><em>uno</em></span> <span class='ocrx_word' id='word_1_23' title='bbox 419 601 555 663; x_wconf 87' lang='lat' dir='ltr'><em>haerere</em></span> <span class='ocrx_word' id='word_1_24' title='bbox 567 600 719 680; x_wconf 68' lang='lat' dir='ltr'><em>culpam</em></span> <span class='ocrx_word' id='word_1_25' title='bbox 739 602 808 665; x_wconf 86' lang='lat' dir='ltr'><em>diis</em></span> <span class='ocrx_word' id='word_1_26' title='bbox 819 607 957 683; x_wconf 79' lang='lat' dir='ltr'><em>gratias</em></span> <span class='ocrx_word' id='word_1_27' title='bbox 968 600 1094 685; x_wconf 47' lang='lat' dir='ltr'><em>agarei,</em></span> <span class='ocrx_word' id='word_1_28' title='bbox 1102 607 1201 689; x_wconf 81' lang='lat' dir='ltr'><em>qaod</em></span> 
     </span>
     <span class='ocr_line' id='line_1_5' title="bbox 92 679 1201 776; baseline 0.002 -27"><span class='ocrx_word' id='word_1_29' title='bbox 92 744 95 749; x_wconf 88' lang='lat'><em>.</em></span> <span class='ocrx_word' id='word_1_30' title='bbox 125 687 182 751; x_wconf 84' lang='lat' dir='ltr'><em>illc</em></span> <span class='ocrx_word' id='word_1_31' title='bbox 200 684 332 757; x_wconf 89' lang='lat' dir='ltr'><em>saltem,</em></span> <span class='ocrx_word' id='word_1_32' title='bbox 356 704 449 763; x_wconf 82' lang='lat' dir='ltr'><em>quem</em></span> <span class='ocrx_word' id='word_1_33' title='bbox 469 685 543 763; x_wconf 89' lang='lat' dir='ltr'><em>ipse</em></span> <span class='ocrx_word' id='word_1_34' title='bbox 563 685 636 744; x_wconf 88' lang='lat' dir='ltr'><em>ruri</em></span> <span class='ocrx_word' id='word_1_35' title='bbox 652 683 800 758; x_wconf 80' lang='lat' dir='ltr'><em>haberet,</em></span> <span class='ocrx_word' id='word_1_36' title='bbox 817 679 925 776; x_wconf 75' lang='lat' dir='ltr'><em>frugi</em></span> <span class='ocrx_word' id='word_1_37' title='bbox 943 708 985 748; x_wconf 82' lang='lat' dir='ltr'><em>ee</em></span> <span class='ocrx_word' id='word_1_38' title='bbox 1002 700 1201 767; x_wconf 78' lang='lat' dir='ltr'><em>temperans</em></span> 
     </span>
     <span class='ocr_line' id='line_1_6' title="bbox 80 758 1198 855; baseline 0.001 -23"><span class='ocrx_word' id='word_1_39' title='bbox 80 836 85 845; x_wconf 31' lang='lat'><strong><em>⁴</em></strong></span> <span class='ocrx_word' id='word_1_40' title='bbox 124 781 222 843; x_wconf 88' lang='lat' dir='ltr'><em>esset,</em></span> <span class='ocrx_word' id='word_1_41' title='bbox 244 768 293 831; x_wconf 90' lang='lat' dir='ltr'><em>rei</em></span> <span class='ocrx_word' id='word_1_42' title='bbox 311 766 462 829; x_wconf 82' lang='lat' dir='ltr'><em>studeret</em></span> <span class='ocrx_word' id='word_1_43' title='bbox 482 777 516 826; x_wconf 91' lang='lat' dir='ltr'><em>et</em></span> <span class='ocrx_word' id='word_1_44' title='bbox 530 758 665 855; x_wconf 85' lang='lat' dir='ltr'><em>famae,</em></span> <span class='ocrx_word' id='word_1_45' title='bbox 687 765 822 829; x_wconf 84' lang='lat' dir='ltr'><em>illarum</em></span> <span class='ocrx_word' id='word_1_46' title='bbox 845 790 951 830; x_wconf 89' lang='lat' dir='ltr'><em>rerum</em></span> <span class='ocrx_word' id='word_1_47' title='bbox 971 768 1060 830; x_wconf 88' lang='lat' dir='ltr'><em>nihii</em></span> <span class='ocrx_word' id='word_1_48' title='bbox 1078 791 1125 831; x_wconf 87' lang='lat' dir='ltr'><em>ne</em></span> <span class='ocrx_word' id='word_1_49' title='bbox 1144 792 1198 833; x_wconf 85' lang='lat' dir='ltr'><em>eo-</em></span> 
     </span>
     <span class='ocr_line' id='line_1_7' title="bbox 122 847 1195 935; baseline 0.001 -20"><span class='ocrx_word' id='word_1_50' title='bbox 122 856 253 935; x_wconf 67' lang='lat' dir='ltr'><em>gitaret</em></span> <span class='ocrx_word' id='word_1_51' title='bbox 272 848 425 933; x_wconf 78' lang='lat' dir='ltr'><em>quidem:</em></span> <span class='ocrx_word' id='word_1_52' title='bbox 457 860 590 909; x_wconf 86' lang='lat' dir='ltr'><em>tanturn</em></span> <span class='ocrx_word' id='word_1_53' title='bbox 615 847 774 910; x_wconf 82' lang='lat' dir='ltr'><em>videlicet</em></span> <span class='ocrx_word' id='word_1_54' title='bbox 799 852 954 912; x_wconf 86' lang='lat' dir='ltr'><em>interesse</em></span> <span class='ocrx_word' id='word_1_55' title='bbox 980 853 1072 912; x_wconf 89' lang='lat' dir='ltr'><em>iuter</em></span> <span class='ocrx_word' id='word_1_56' title='bbox 1095 875 1195 916; x_wconf 80' lang='lat' dir='ltr'><em>suam</em></span> 
     </span>
     <span class='ocr_line' id='line_1_8' title="bbox 123 928 1195 1024; baseline 0 -27"><span class='ocrx_word' id='word_1_57' title='bbox 123 948 159 997; x_wconf 92' lang='lat' dir='ltr'><em>et</em></span> <span class='ocrx_word' id='word_1_58' title='bbox 171 928 308 1024; x_wconf 82' lang='lat' dir='ltr'><em>fratris</em></span> <span class='ocrx_word' id='word_1_59' title='bbox 327 928 547 1010; x_wconf 87' lang='lat' dir='ltr'><em>disciplinam.</em></span> <span class='ocrx_word' id='word_1_60' title='bbox 586 928 711 991; x_wconf 84' lang='lat' dir='ltr'><em>Placet</em></span> <span class='ocrx_word' id='word_1_61' title='bbox 721 932 896 1008; x_wconf 87' lang='lat' dir='ltr'><em>hominem,</em></span> <span class='ocrx_word' id='word_1_62' title='bbox 916 946 1080 1016; x_wconf 79' lang='lat' dir='ltr'><em>quantum</em></span> <span class='ocrx_word' id='word_1_63' title='bbox 1101 936 1141 996; x_wconf 85' lang='lat' dir='ltr'><em>ia</em></span> <span class='ocrx_word' id='word_1_64' title='bbox 1158 959 1195 998; x_wconf 90' lang='lat' dir='ltr'><em>se</em></span> 
     </span>
     <span class='ocr_line' id='line_1_9' title="bbox 122 1010 1191 1099; baseline 0.002 -22"><span class='ocrx_word' id='word_1_65' title='bbox 122 1028 196 1089; x_wconf 83' lang='lat' dir='ltr'><em>est,</em></span> <span class='ocrx_word' id='word_1_66' title='bbox 227 1016 356 1087; x_wconf 86' lang='lat' dir='ltr'><em>Mieio;</em></span> <span class='ocrx_word' id='word_1_67' title='bbox 381 1015 517 1099; x_wconf 73' lang='lat' dir='ltr'><em>jamque</em></span> <span class='ocrx_word' id='word_1_68' title='bbox 535 1035 572 1074; x_wconf 89' lang='lat' dir='ltr'><em>se</em></span> <span class='ocrx_word' id='word_1_69' title='bbox 596 1010 640 1073; x_wconf 79' lang='lat' dir='ltr'><em>ab</em></span> <span class='ocrx_word' id='word_1_70' title='bbox 660 1033 698 1075; x_wconf 89' lang='lat' dir='ltr'><em>eo</em></span> <span class='ocrx_word' id='word_1_71' title='bbox 718 1015 957 1095; x_wconf 75' lang='lat' dir='ltr'><em>expediverat,</em></span> <span class='ocrx_word' id='word_1_72' title='bbox 984 1037 1058 1077; x_wconf 88' lang='lat' dir='ltr'><em>eum</em></span> <span class='ocrx_word' id='word_1_73' title='bbox 1077 1038 1191 1098; x_wconf 84' lang='lat' dir='ltr'><em>super-</em></span> 
     </span>
     <span class='ocr_line' id='line_1_10' title="bbox 120 1094 1190 1181; baseline 0.003 -19"><span class='ocrx_word' id='word_1_74' title='bbox 120 1102 217 1163; x_wconf 84' lang='lat' dir='ltr'><em>omit</em></span> <span class='ocrx_word' id='word_1_75' title='bbox 241 1094 355 1170; x_wconf 88' lang='lat' dir='ltr'><em>aliud,</em></span> <span class='ocrx_word' id='word_1_76' title='bbox 391 1094 483 1178; x_wconf 78' lang='lat' dir='ltr'><em>quod</em></span> <span class='ocrx_word' id='word_1_77' title='bbox 509 1095 656 1181; x_wconf 79' lang='lat' dir='ltr'><em>majores</em></span> <span class='ocrx_word' id='word_1_78' title='bbox 684 1096 788 1157; x_wconf 86' lang='lat' dir='ltr'><em>etiam</em></span> <span class='ocrx_word' id='word_1_79' title='bbox 819 1096 982 1159; x_wconf 85' lang='lat' dir='ltr'><em>tumultus</em></span> <span class='ocrx_word' id='word_1_80' title='bbox 1009 1100 1190 1165; x_wconf 75' lang='lat' dir='ltr'><em>excitaret.</em></span> 
     </span>
     <span class='ocr_line' id='line_1_11' title="bbox 125 1172 1190 1266; baseline 0.001 -23"><span class='ocrx_word' id='word_1_81' title='bbox 125 1184 280 1261; x_wconf 76' lang='lat' dir='ltr'><em>Raptam</em></span> <span class='ocrx_word' id='word_1_82' title='bbox 299 1176 343 1239; x_wconf 82' lang='lat' dir='ltr'><em>ab</em></span> <span class='ocrx_word' id='word_1_83' title='bbox 365 1179 526 1241; x_wconf 78' lang='lat' dir='ltr'><em>Aeschino</em></span> <span class='ocrx_word' id='word_1_84' title='bbox 547 1178 812 1252; x_wconf 88' lang='lat' dir='ltr'><em>citharistriam‚</em></span> <span class='ocrx_word' id='word_1_85' title='bbox 839 1172 1017 1266; x_wconf 83' lang='lat' dir='ltr'><em>perfertur</em></span> <span class='ocrx_word' id='word_1_86' title='bbox 1042 1181 1094 1242; x_wconf 88' lang='lat' dir='ltr'><em>ad</em></span> <span class='ocrx_word' id='word_1_87' title='bbox 1124 1202 1190 1244; x_wconf 86' lang='lat' dir='ltr'><em>me·</em></span> 
     </span>
     <span class='ocr_line' id='line_1_12' title="bbox 121 1258 1192 1345; baseline 0.001 -19"><span class='ocrx_word' id='word_1_88' title='bbox 121 1278 207 1327; x_wconf 63' lang='lat' dir='ltr'><em>mern</em></span> <span class='ocrx_word' id='word_1_89' title='bbox 229 1259 447 1341; x_wconf 85' lang='lat' dir='ltr'><em>Pamphilae,·</em></span> <span class='ocrx_word' id='word_1_90' title='bbox 475 1281 561 1345; x_wconf 85' lang='lat' dir='ltr'><em>quae</em></span> <span class='ocrx_word' id='word_1_91' title='bbox 588 1258 720 1343; x_wconf 81' lang='lat' dir='ltr'><em>quidem</em></span> <span class='ocrx_word' id='word_1_92' title='bbox 751 1263 933 1342; x_wconf 88' lang='lat' dir='ltr'><em>Pamphila</em></span> <span class='ocrx_word' id='word_1_93' title='bbox 959 1265 1014 1323; x_wconf 87' lang='lat' dir='ltr'><em>ita</em></span> <span class='ocrx_word' id='word_1_94' title='bbox 1040 1276 1120 1325; x_wconf 89' lang='lat' dir='ltr'><em>erat</em></span> <span class='ocrx_word' id='word_1_95' title='bbox 1145 1266 1192 1327; x_wconf 88' lang='lat' dir='ltr'><em>ad</em></span> 
     </span>
     <span class='ocr_line' id='line_1_13' title="bbox 120 1340 1208 1445; baseline -0.006 -37"><span class='ocrx_word' id='word_1_96' title='bbox 120 1343 319 1429; x_wconf 90' lang='lat' dir='ltr'><em>pariendum</em></span> <span class='ocrx_word' id='word_1_97' title='bbox 330 1344 455 1412; x_wconf 87' lang='lat' dir='ltr'><em>vicina,</em></span> <span class='ocrx_word' id='word_1_98' title='bbox 477 1354 517 1403; x_wconf 88' lang='lat' dir='ltr'><em>nt</em></span> <span class='ocrx_word' id='word_1_99' title='bbox 535 1343 606 1427; x_wconf 74' lang='lat' dir='ltr'><em>jam</em></span> <span class='ocrx_word' id='word_1_100' title='bbox 626 1364 645 1401; x_wconf 91' lang='lat' dir='ltr'><em>e</em></span> <span class='ocrx_word' id='word_1_101' title='bbox 662 1340 779 1403; x_wconf 89' lang='lat' dir='ltr'><em>dolore</em></span> <span class='ocrx_word' id='word_1_102' title='bbox 791 1343 971 1408; x_wconf 80' lang='lat' dir='ltr'><em>laboraret.</em></span> <span class='ocrx_word' id='word_1_103' title='bbox 1020 1342 1208 1445; x_wconf 60' lang='lat' dir='ltr'><em>puidfa.</em></span> 
     </span>
     <span class='ocr_line' id='line_1_14' title="bbox 123 1424 1189 1517; baseline 0 -27"><span class='ocrx_word' id='word_1_104' title='bbox 123 1440 212 1491; x_wconf 88' lang='lat' dir='ltr'><em>eeret</em></span> <span class='ocrx_word' id='word_1_105' title='bbox 231 1424 379 1489; x_wconf 75' lang='lat' dir='ltr'><em>misero?</em></span> <span class='ocrx_word' id='word_1_106' title='bbox 414 1427 589 1488; x_wconf 83' lang='lat' dir='ltr'><em>Mutatum</em></span> <span class='ocrx_word' id='word_1_107' title='bbox 610 1426 768 1486; x_wconf 77' lang='lat' dir='ltr'><em>Aeschini</em></span> <span class='ocrx_word' id='word_1_108' title='bbox 793 1429 957 1497; x_wconf 82' lang='lat' dir='ltr'><em>animum,</em></span> <span class='ocrx_word' id='word_1_109' title='bbox 989 1448 1025 1488; x_wconf 90' lang='lat' dir='ltr'><em>se</em></span> <span class='ocrx_word' id='word_1_110' title='bbox 1044 1448 1128 1491; x_wconf 85' lang='lat' dir='ltr'><em>nero</em></span> <span class='ocrx_word' id='word_1_111' title='bbox 1144 1430 1189 1517; x_wconf 82' lang='lat' dir='ltr'><em>fi-</em></span> 
     </span>
     <span class='ocr_line' id='line_1_15' title="bbox 121 1498 1188 1599; baseline 0.001 -25"><span class='ocrx_word' id='word_1_112' title='bbox 121 1512 269 1594; x_wconf 79' lang='lat' dir='ltr'><em>liamque</em></span> <span class='ocrx_word' id='word_1_113' title='bbox 286 1528 380 1571; x_wconf 86' lang='lat' dir='ltr'><em>suam</em></span> <span class='ocrx_word' id='word_1_114' title='bbox 399 1507 559 1588; x_wconf 86' lang='lat' dir='ltr'><em>proditas</em></span> <span class='ocrx_word' id='word_1_115' title='bbox 576 1526 640 1587; x_wconf 87' lang='lat' dir='ltr'><em>per</em></span> <span class='ocrx_word' id='word_1_116' title='bbox 657 1498 815 1569; x_wconf 76' lang='lat' dir='ltr'><em>summam</em></span> <span class='ocrx_word' id='word_1_117' title='bbox 826 1506 1006 1599; x_wconf 76' lang='lat' dir='ltr'><em>perfidiam</em></span> <span class='ocrx_word' id='word_1_118' title='bbox 1025 1512 1188 1575; x_wconf 66' lang='lat' dir='ltr'><em>aedmer-</em></span> 
     </span>
     <span class='ocr_line' id='line_1_16' title="bbox 123 1585 1189 1678; baseline 0.001 -22"><span class='ocrx_word' id='word_1_119' title='bbox 123 1607 181 1661; x_wconf 86' lang='lat' dir='ltr'><em>tas</em></span> <span class='ocrx_word' id='word_1_120' title='bbox 199 1588 359 1675; x_wconf 77' lang='lat' dir='ltr'><em>putabat.</em></span> <span class='ocrx_word' id='word_1_121' title='bbox 404 1591 524 1653; x_wconf 87' lang='lat' dir='ltr'><em>Getam</em></span> <span class='ocrx_word' id='word_1_122' title='bbox 538 1587 714 1661; x_wconf 82' lang='lat' dir='ltr'><em>servulum,</em></span> <span class='ocrx_word' id='word_1_123' title='bbox 737 1592 797 1675; x_wconf 83' lang='lat' dir='ltr'><em>qui</em></span> <span class='ocrx_word' id='word_1_124' title='bbox 813 1612 993 1673; x_wconf 84' lang='lat' dir='ltr'><em>pauperem</em></span> <span class='ocrx_word' id='word_1_125' title='bbox 1004 1585 1189 1678; x_wconf 79' lang='lat' dir='ltr'><em>familiam</em></span> 
     </span>
     <span class='ocr_line' id='line_1_17' title="bbox 121 1670 1188 1755; baseline -0.004 -17"><span class='ocrx_word' id='word_1_126' title='bbox 121 1674 234 1747; x_wconf 82' lang='lat' dir='ltr'><em>solus,</em></span> <span class='ocrx_word' id='word_1_127' title='bbox 255 1683 295 1735; x_wconf 87' lang='lat' dir='ltr'><em>nt</em></span> <span class='ocrx_word' id='word_1_128' title='bbox 310 1684 463 1753; x_wconf 84' lang='lat' dir='ltr'><em>poterat,</em></span> <span class='ocrx_word' id='word_1_129' title='bbox 481 1670 609 1742; x_wconf 84' lang='lat' dir='ltr'><em>aicbat,</em></span> <span class='ocrx_word' id='word_1_130' title='bbox 631 1674 743 1733; x_wconf 86' lang='lat' dir='ltr'><em>mittit</em></span> <span class='ocrx_word' id='word_1_131' title='bbox 762 1672 810 1732; x_wconf 86' lang='lat' dir='ltr'><em>ad</em></span> <span class='ocrx_word' id='word_1_132' title='bbox 831 1675 1035 1752; x_wconf 79' lang='lat' dir='ltr'><em>Hegionem,</em></span> <span class='ocrx_word' id='word_1_133' title='bbox 1055 1678 1188 1755; x_wconf 76' lang='lat' dir='ltr'><em>paellae</em></span> 
     </span>
     <span class='ocr_line' id='line_1_18' title="bbox 120 1753 1185 1838; baseline -0.001 -16"><span class='ocrx_word' id='word_1_134' title='bbox 120 1768 313 1838; x_wconf 78' lang='lat' dir='ltr'><em>cognatum,</em></span> <span class='ocrx_word' id='word_1_135' title='bbox 341 1753 488 1836; x_wconf 79' lang='lat' dir='ltr'><em>&#39;abesqae</em></span> <span class='ocrx_word' id='word_1_136' title='bbox 508 1755 538 1813; x_wconf 89' lang='lat' dir='ltr'><em>ei</em></span> <span class='ocrx_word' id='word_1_137' title='bbox 558 1774 642 1825; x_wconf 89' lang='lat' dir='ltr'><em>rem,</em></span> <span class='ocrx_word' id='word_1_138' title='bbox 665 1765 705 1814; x_wconf 88' lang='lat' dir='ltr'><em>nt</em></span> <span class='ocrx_word' id='word_1_139' title='bbox 725 1766 811 1827; x_wconf 89' lang='lat' dir='ltr'><em>erat,</em></span> <span class='ocrx_word' id='word_1_140' title='bbox 834 1775 1005 1835; x_wconf 74' lang='lat' dir='ltr'><em>exponere.</em></span> <span class='ocrx_word' id='word_1_141' title='bbox 1050 1762 1185 1821; x_wconf 81' lang='lat' dir='ltr'><em>Interea</em></span> 
     </span>
     <span class='ocr_line' id='line_1_19' title="bbox 119 1836 1185 1933; baseline -0.004 -29"><span class='ocrx_word' id='word_1_142' title='bbox 119 1840 279 1904; x_wconf 87' lang='lat' dir='ltr'><em>audierat</em></span> <span class='ocrx_word' id='word_1_143' title='bbox 339 1856 438 1907; x_wconf 84' lang='lat' dir='ltr'><em>emen,</em></span> <span class='ocrx_word' id='word_1_144' title='bbox 460 1856 554 1897; x_wconf 88' lang='lat' dir='ltr'><em>suum</em></span> <span class='ocrx_word' id='word_1_145' title='bbox 576 1855 641 1933; x_wconf 76' lang='lat' dir='ltr'><em>quo</em></span> <span class='ocrx_word' id='word_1_146' title='bbox 668 1856 706 1895; x_wconf 89' lang='lat' dir='ltr'><em>ne</em></span> <span class='ocrx_word' id='word_1_147' title='bbox 726 1836 958 1918; x_wconf 88' lang='lat' dir='ltr'><em>Ctesiphonem</em></span> <span class='ocrx_word' id='word_1_148' title='bbox 978 1840 1015 1900; x_wconf 92' lang='lat' dir='ltr'><em>in</em></span> <span class='ocrx_word' id='word_1_149' title='bbox 1029 1845 1185 1921; x_wconf 84' lang='lat' dir='ltr'><em>raptione</em></span> 
     </span>
     <span class='ocr_line' id='line_1_20' title="bbox 118 1857 1185 2025; baseline 0.001 -43"><span class='ocrx_word' id='word_1_150' title='bbox 118 1918 283 2025; x_wconf 77' lang='lat' dir='ltr'><em>affuisse5</em></span> <span class='ocrx_word' id='word_1_151' title='bbox 300 1919 437 2005; x_wconf 75' lang='lat' dir='ltr'><em>jocoque</em></span> <span class='ocrx_word' id='word_1_152' title='bbox 456 1928 552 1979; x_wconf 85' lang='lat' dir='ltr'><em>totus</em></span> <span class='ocrx_word' id='word_1_153' title='bbox 571 1939 607 1979; x_wconf 80' lang='lat' dir='ltr'><em>in</em></span> <span class='ocrx_word' id='word_1_154' title='bbox 623 1857 802 2005; x_wconf 52' lang='lat' dir='ltr'><em>firmenta,</em></span> <span class='ocrx_word' id='word_1_155' title='bbox 825 1932 864 1980; x_wconf 90' lang='lat' dir='ltr'><em>ut</em></span> <span class='ocrx_word' id='word_1_156' title='bbox 878 1920 990 1993; x_wconf 84' lang='lat' dir='ltr'><em>a‘unt,</em></span> <span class='ocrx_word' id='word_1_157' title='bbox 1011 1934 1101 2001; x_wconf 81' lang='lat' dir='ltr'><em>erat,</em></span> <span class='ocrx_word' id='word_1_158' title='bbox 1116 1946 1185 1987; x_wconf 76' lang='lat' dir='ltr'><em>cum</em></span> 
     </span>
     <span class='ocr_line' id='line_1_21' title="bbox 118 1942 1184 2087; baseline 0.004 -24"><span class='ocrx_word' id='word_1_159' title='bbox 118 2030 149 2069; x_wconf 76' lang='lat' dir='ltr'><em>es</em></span> <span class='ocrx_word' id='word_1_160' title='bbox 174 2004 294 2087; x_wconf 73' lang='lat' dir='ltr'><em>Syrus,</em></span> <span class='ocrx_word' id='word_1_161' title='bbox 325 2021 442 2063; x_wconf 85' lang='lat' dir='ltr'><em>servus</em></span> <span class='ocrx_word' id='word_1_162' title='bbox 466 1991 692 2087; x_wconf 85' lang='lat' dir='ltr'><em>vaferrimus,</em></span> <span class='ocrx_word' id='word_1_163' title='bbox 722 1942 961 2063; x_wconf 73' lang='lat' dir='ltr'><em>mendaciohcm</em></span> <span class='ocrx_word' id='word_1_164' title='bbox 987 2004 1184 2087; x_wconf 73' lang='lat' dir='ltr'><em>adspergit.-</em></span> 
     </span>
     <span class='ocr_line' id='line_1_22' title="bbox 117 2081 1183 2175; baseline 0.001 -25"><span class='ocrx_word' id='word_1_165' title='bbox 117 2086 247 2153; x_wconf 85' lang='lat' dir='ltr'><em>uenisse</em></span> <span class='ocrx_word' id='word_1_166' title='bbox 260 2083 399 2168; x_wconf 67' lang='lat' dir='ltr'><em>quidem</em></span> <span class='ocrx_word' id='word_1_167' title='bbox 420 2103 495 2144; x_wconf 88' lang='lat' dir='ltr'><em>rnre</em></span> <span class='ocrx_word' id='word_1_168' title='bbox 519 2081 752 2160; x_wconf 83' lang='lat' dir='ltr'><em>Ctesiphonem</em></span> <span class='ocrx_word' id='word_1_169' title='bbox 757 2104 771 2154; x_wconf 91' lang='lat'><em>,·</em></span> <span class='ocrx_word' id='word_1_170' title='bbox 800 2083 859 2144; x_wconf 87' lang='lat' dir='ltr'><em>sed</em></span> <span class='ocrx_word' id='word_1_171' title='bbox 876 2087 1006 2145; x_wconf 81' lang='lat' dir='ltr'><em>venisse</em></span> <span class='ocrx_word' id='word_1_172' title='bbox 1024 2086 1183 2175; x_wconf 78' lang='lat' dir='ltr'><em>objurga·</em></span> 
     </span>
     <span class='ocr_line' id='line_1_23' title="bbox 118 2156 1183 2249; baseline 0.007 -24"><span class='ocrx_word' id='word_1_173' title='bbox 118 2182 190 2233; x_wconf 73' lang='lat' dir='ltr'><em>nrm</em></span> <span class='ocrx_word' id='word_1_174' title='bbox 211 2165 416 2232; x_wconf 75' lang='lat' dir='ltr'><em>Aeschinum,</em></span> <span class='ocrx_word' id='word_1_175' title='bbox 438 2161 545 2223; x_wconf 86' lang='lat' dir='ltr'><em>multa</em></span> <span class='ocrx_word' id='word_1_176' title='bbox 566 2164 597 2223; x_wconf 92' lang='lat' dir='ltr'><em>ei</em></span> <span class='ocrx_word' id='word_1_177' title='bbox 616 2164 723 2231; x_wconf 86' lang='lat' dir='ltr'><em>medio</em></span> <span class='ocrx_word' id='word_1_178' title='bbox 736 2156 828 2249; x_wconf 87' lang='lat' dir='ltr'><em>foro</em></span> <span class='ocrx_word' id='word_1_179' title='bbox 848 2165 1111 2243; x_wconf 75' lang='lat' dir='ltr'><em>maledixisse,</em></span> <span class='ocrx_word' id='word_1_180' title='bbox 1131 2172 1183 2232; x_wconf 88' lang='lat' dir='ltr'><em>de·</em></span> 
     </span>
     <span class='ocr_line' id='line_1_24' title="bbox 119 2236 1184 2333; baseline 0.002 -19"><span class='ocrx_word' id='word_1_181' title='bbox 119 2251 196 2315; x_wconf 89' lang='lat' dir='ltr'><em>inde</em></span> <span class='ocrx_word' id='word_1_182' title='bbox 224 2245 361 2309; x_wconf 86' lang='lat' dir='ltr'><em>rediisse</em></span> <span class='ocrx_word' id='word_1_183' title='bbox 386 2264 444 2306; x_wconf 88' lang='lat' dir='ltr'><em>rus</em></span> <span class='ocrx_word' id='word_1_184' title='bbox 473 2246 509 2305; x_wconf 89' lang='lat' dir='ltr'><em>in</em></span> <span class='ocrx_word' id='word_1_185' title='bbox 539 2236 792 2333; x_wconf 80' lang='lat' dir='ltr'><em>praefecturam</em></span> <span class='ocrx_word' id='word_1_186' title='bbox 825 2267 929 2310; x_wconf 89' lang='lat' dir='ltr'><em>suam.</em></span> <span class='ocrx_word' id='word_1_187' title='bbox 978 2250 1184 2316; x_wconf 88' lang='lat' dir='ltr'><em>Lacrumare</em></span> 
     </span>
     <span class='ocr_line' id='line_1_25' title="bbox 144 2325 1183 2411; baseline -0.008 -18"><span class='ocrx_word' id='word_1_188' title='bbox 144 2332 248 2394; x_wconf 84' lang='lat' dir='ltr'><em>audio</em></span> <span class='ocrx_word' id='word_1_189' title='bbox 270 2328 401 2391; x_wconf 88' lang='lat' dir='ltr'><em>Demea</em></span> <span class='ocrx_word' id='word_1_190' title='bbox 422 2338 457 2387; x_wconf 89' lang='lat' dir='ltr'><em>et</em></span> <span class='ocrx_word' id='word_1_191' title='bbox 476 2325 651 2405; x_wconf 81' lang='lat' dir='ltr'><em>gratulari</em></span> <span class='ocrx_word' id='word_1_192' title='bbox 662 2325 739 2398; x_wconf 81' lang='lat' dir='ltr'><em>sibi,</em></span> <span class='ocrx_word' id='word_1_193' title='bbox 761 2329 852 2411; x_wconf 87' lang='lat' dir='ltr'><em>quod</em></span> <span class='ocrx_word' id='word_1_194' title='bbox 872 2350 969 2390; x_wconf 86' lang='lat' dir='ltr'><em>unum</em></span> <span class='ocrx_word' id='word_1_195' title='bbox 989 2331 1113 2397; x_wconf 83' lang='lat' dir='ltr'><em>saltem</em></span> <span class='ocrx_word' id='word_1_196' title='bbox 1125 2338 1183 2397; x_wconf 84' lang='lat' dir='ltr'><em>lea.</em></span> 
     </span>
     <span class='ocr_line' id='line_1_26' title="bbox 117 2354 1183 2507; baseline -0.002 -28"><span class='ocrx_word' id='word_1_197' title='bbox 117 2354 226 2486; x_wconf 68' lang='lat' dir='ltr'><em>heret,</em></span> <span class='ocrx_word' id='word_1_198' title='bbox 258 2413 381 2494; x_wconf 86' lang='lat' dir='ltr'><em>inquo</em></span> <span class='ocrx_word' id='word_1_199' title='bbox 409 2420 561 2469; x_wconf 83' lang='lat' dir='ltr'><em>cassaret</em></span> <span class='ocrx_word' id='word_1_200' title='bbox 584 2421 751 2507; x_wconf 85' lang='lat' dir='ltr'><em>paternae</em></span> <span class='ocrx_word' id='word_1_201' title='bbox 776 2413 971 2475; x_wconf 85' lang='lat' dir='ltr'><em>severitatis</em></span> <span class='ocrx_word' id='word_1_202' title='bbox 989 2418 1183 2497; x_wconf 73' lang='lat' dir='ltr'><em>exemplum,</em></span> 
     </span>
     <span class='ocr_line' id='line_1_27' title="bbox 118 2490 1180 2577; baseline -0.01 -16"><span class='ocrx_word' id='word_1_203' title='bbox 118 2498 216 2562; x_wconf 90' lang='lat' dir='ltr'><em>Dum</em></span> <span class='ocrx_word' id='word_1_204' title='bbox 237 2512 295 2556; x_wconf 89' lang='lat' dir='ltr'><em>rus</em></span> <span class='ocrx_word' id='word_1_205' title='bbox 315 2492 415 2564; x_wconf 82' lang='lat' dir='ltr'><em>redit,</em></span> <span class='ocrx_word' id='word_1_206' title='bbox 438 2490 558 2552; x_wconf 84' lang='lat' dir='ltr'><em>incidit</em></span> <span class='ocrx_word' id='word_1_207' title='bbox 577 2510 613 2551; x_wconf 84' lang='lat' dir='ltr'><em>en</em></span> <span class='ocrx_word' id='word_1_208' title='bbox 636 2492 831 2570; x_wconf 73' lang='lat' dir='ltr'><em>Hegionem,</em></span> <span class='ocrx_word' id='word_1_209' title='bbox 854 2514 877 2553; x_wconf 88' lang='lat' dir='ltr'><em>a</em></span> <span class='ocrx_word' id='word_1_210' title='bbox 900 2513 966 2577; x_wconf 77' lang='lat' dir='ltr'><em>quo</em></span> <span class='ocrx_word' id='word_1_211' title='bbox 986 2496 1030 2555; x_wconf 88' lang='lat' dir='ltr'><em>de</em></span> <span class='ocrx_word' id='word_1_212' title='bbox 1049 2513 1180 2562; x_wconf 82' lang='lat' dir='ltr'><em>consta.</em></span> 
     </span>
     <span class='ocr_line' id='line_1_28' title="bbox 116 2572 1180 2661; baseline -0.003 -20"><span class='ocrx_word' id='word_1_213' title='bbox 116 2590 222 2661; x_wconf 87' lang='lat' dir='ltr'><em>prata</em></span> <span class='ocrx_word' id='word_1_214' title='bbox 242 2577 384 2657; x_wconf 83' lang='lat' dir='ltr'><em>pervim</em></span> <span class='ocrx_word' id='word_1_215' title='bbox 404 2572 446 2633; x_wconf 83' lang='lat' dir='ltr'><em>ab</em></span> <span class='ocrx_word' id='word_1_216' title='bbox 464 2572 627 2634; x_wconf 72' lang='lat' dir='ltr'><em>Aeschino</em></span> <span class='ocrx_word' id='word_1_217' title='bbox 643 2574 825 2653; x_wconf 87' lang='lat' dir='ltr'><em>Pamphila</em></span> <span class='ocrx_word' id='word_1_218' title='bbox 839 2576 1011 2656; x_wconf 83' lang='lat' dir='ltr'><em>intelligit.</em></span> <span class='ocrx_word' id='word_1_219' title='bbox 1055 2582 1180 2645; x_wconf 74' lang='lat' dir='ltr'><em>Deraso</em></span> 
     </span>
     <span class='ocr_line' id='line_1_29' title="bbox 117 2648 1177 2795; baseline 0.003 -71"><span class='ocrx_word' id='word_1_220' title='bbox 117 2669 318 2729; x_wconf 84' lang='lat' dir='ltr'><em>commotus,</em></span> <span class='ocrx_word' id='word_1_221' title='bbox 357 2654 434 2722; x_wconf 81' lang='lat' dir='ltr'><em>dum</em></span> <span class='ocrx_word' id='word_1_222' title='bbox 454 2648 630 2795; x_wconf 51' lang='lat' dir='ltr'><em>{mtrem</em></span> <span class='ocrx_word' id='word_1_223' title='bbox 667 2667 706 2716; x_wconf 88' lang='lat' dir='ltr'><em>ut</em></span> <span class='ocrx_word' id='word_1_224' title='bbox 732 2658 768 2717; x_wconf 89' lang='lat' dir='ltr'><em>in</em></span> <span class='ocrx_word' id='word_1_225' title='bbox 794 2678 865 2717; x_wconf 85' lang='lat' dir='ltr'><em>eum</em></span> <span class='ocrx_word' id='word_1_226' title='bbox 891 2658 976 2719; x_wconf 85' lang='lat' dir='ltr'><em>iram</em></span> <span class='ocrx_word' id='word_1_227' title='bbox 1004 2678 1177 2739; x_wconf 85' lang='lat' dir='ltr'><em>evomeret,</em></span> 
     </span>
     <span class='ocr_line' id='line_1_30' title="bbox 118 2735 1177 2831; baseline -0.004 -26"><span class='ocrx_word' id='word_1_228' title='bbox 118 2743 270 2829; x_wconf 84' lang='lat' dir='ltr'><em>quaerit,</em></span> <span class='ocrx_word' id='word_1_229' title='bbox 299 2736 430 2799; x_wconf 69' lang='lat' dir='ltr'><em>eentum</em></span> <span class='ocrx_word' id='word_1_230' title='bbox 484 2735 578 2795; x_wconf 85' lang='lat' dir='ltr'><em>abuit</em></span> <span class='ocrx_word' id='word_1_231' title='bbox 605 2740 837 2798; x_wconf 85' lang='lat' dir='ltr'><em>mercenarium</em></span> <span class='ocrx_word' id='word_1_232' title='bbox 864 2760 888 2799; x_wconf 85' lang='lat' dir='ltr'><em>a</em></span> <span class='ocrx_word' id='word_1_233' title='bbox 906 2740 1010 2815; x_wconf 84' lang='lat' dir='ltr'><em>uilla,</em></span> <span class='ocrx_word' id='word_1_234' title='bbox 1039 2766 1085 2807; x_wconf 72' lang='lat' dir='ltr'><em>ex</em></span> <span class='ocrx_word' id='word_1_235' title='bbox 1114 2768 1177 2831; x_wconf 77' lang='lat' dir='ltr'><em>quo</em></span> 
     </span>
     <span class='ocr_line' id='line_1_31' title="bbox 115 2815 1176 2912; baseline -0.001 -22"><span class='ocrx_word' id='word_1_236' title='bbox 115 2826 308 2889; x_wconf 83' lang='lat' dir='ltr'><em>sciscitatus</em></span> <span class='ocrx_word' id='word_1_237' title='bbox 327 2818 369 2880; x_wconf 88' lang='lat' dir='ltr'><em>de</em></span> <span class='ocrx_word' id='word_1_238' title='bbox 381 2815 463 2905; x_wconf 84' lang='lat' dir='ltr'><em>filio</em></span> <span class='ocrx_word' id='word_1_239' title='bbox 478 2816 614 2895; x_wconf 88' lang='lat' dir='ltr'><em>accipit,</em></span> <span class='ocrx_word' id='word_1_240' title='bbox 638 2837 704 2878; x_wconf 87' lang='lat' dir='ltr'><em>non</em></span> <span class='ocrx_word' id='word_1_241' title='bbox 719 2840 787 2880; x_wconf 89' lang='lat' dir='ltr'><em>esse</em></span> <span class='ocrx_word' id='word_1_242' title='bbox 803 2823 882 2883; x_wconf 88' lang='lat' dir='ltr'><em>ruri.</em></span> <span class='ocrx_word' id='word_1_243' title='bbox 925 2825 1034 2886; x_wconf 81' lang='lat' dir='ltr'><em>Redit</em></span> <span class='ocrx_word' id='word_1_244' title='bbox 1051 2827 1102 2889; x_wconf 87' lang='lat' dir='ltr'><em>ad</em></span> <span class='ocrx_word' id='word_1_245' title='bbox 1118 2832 1176 2912; x_wconf 77' lang='lat' dir='ltr'><em>Sy·</em></span> 
     </span>
     <span class='ocr_line' id='line_1_32' title="bbox 116 2900 1176 2999; baseline 0.007 -37"><span class='ocrx_word' id='word_1_246' title='bbox 116 2928 207 2979; x_wconf 70' lang='lat' dir='ltr'><em>nrm,-</em></span> <span class='ocrx_word' id='word_1_247' title='bbox 235 2925 257 2964; x_wconf 90' lang='lat' dir='ltr'><em>a</em></span> <span class='ocrx_word' id='word_1_248' title='bbox 279 2922 344 2988; x_wconf 76' lang='lat' dir='ltr'><em>quo</em></span> <span class='ocrx_word' id='word_1_249' title='bbox 364 2906 395 2964; x_wconf 89' lang='lat' dir='ltr'><em>e&#39;i</em></span> <span class='ocrx_word' id='word_1_250' title='bbox 415 2920 529 2961; x_wconf 89' lang='lat' dir='ltr'><em>rursus</em></span> <span class='ocrx_word' id='word_1_251' title='bbox 549 2917 670 2959; x_wconf 88' lang='lat' dir='ltr'><em>nouum</em></span> <span class='ocrx_word' id='word_1_252' title='bbox 690 2900 911 2977; x_wconf 83' lang='lat' dir='ltr'><em>mendacium,</em></span> <span class='ocrx_word' id='word_1_253' title='bbox 931 2906 1026 2969; x_wconf 84' lang='lat' dir='ltr'><em>velut</em></span> <span class='ocrx_word' id='word_1_254' title='bbox 1046 2906 1122 2999; x_wconf 81' lang='lat' dir='ltr'><em>offa</em></span> <span class='ocrx_word' id='word_1_255' title='bbox 1139 2914 1176 2972; x_wconf 82' lang='lat' dir='ltr'><em>in</em></span> 
     </span>
     <span class='ocr_line' id='line_1_33' title="bbox 60 2980 1173 3080; baseline 0.005 -30"><span class='ocrx_word' id='word_1_256' title='bbox 60 3002 66 3009; x_wconf 90' lang='lat'>&#39;</span> <span class='ocrx_word' id='word_1_257' title='bbox 116 3008 175 3059; x_wconf 90' lang='lat' dir='ltr'><em>os,</em></span> <span class='ocrx_word' id='word_1_258' title='bbox 198 3008 238 3047; x_wconf 89' lang='lat' dir='ltr'><em>ne</em></span> <span class='ocrx_word' id='word_1_259' title='bbox 258 2984 420 3055; x_wconf 86' lang='lat' dir='ltr'><em>latraret,</em></span> <span class='ocrx_word' id='word_1_260' title='bbox 444 2981 610 3066; x_wconf 75' lang='lat' dir='ltr'><em>objicitur.</em></span> <span class='ocrx_word' id='word_1_261' title='bbox 660 2981 822 3080; x_wconf 67' lang='lat' dir='ltr'><em>Quaerit,</em></span> <span class='ocrx_word' id='word_1_262' title='bbox 844 2984 900 3048; x_wconf 86' lang='lat' dir='ltr'><em>ubi</em></span> <span class='ocrx_word' id='word_1_263' title='bbox 911 2980 1067 3076; x_wconf 84' lang='lat' dir='ltr'><em>fratrem</em></span> <span class='ocrx_word' id='word_1_264' title='bbox 1086 3014 1173 3074; x_wconf 85' lang='lat' dir='ltr'><em>repe·</em></span> 
     </span>
     <span class='ocr_line' id='line_1_34' title="bbox 115 3062 1173 3159; baseline 0.005 -26"><span class='ocrx_word' id='word_1_265' title='bbox 115 3072 182 3133; x_wconf 92' lang='lat' dir='ltr'><em>rire</em></span> <span class='ocrx_word' id='word_1_266' title='bbox 199 3069 313 3150; x_wconf 82' lang='lat' dir='ltr'><em>possit</em></span> <span class='ocrx_word' id='word_1_267' title='bbox 320 3088 334 3138; x_wconf 91' lang='lat'><em>,·</em></span> <span class='ocrx_word' id='word_1_268' title='bbox 355 3066 392 3127; x_wconf 84' lang='lat' dir='ltr'><em>id</em></span> <span class='ocrx_word' id='word_1_269' title='bbox 410 3084 490 3125; x_wconf 81' lang='lat' dir='ltr'><em>uero</em></span> <span class='ocrx_word' id='word_1_270' title='bbox 510 3065 563 3123; x_wconf 90' lang='lat' dir='ltr'><em>ito</em></span> <span class='ocrx_word' id='word_1_271' title='bbox 584 3062 751 3124; x_wconf 83' lang='lat' dir='ltr'><em>indicavit</em></span> <span class='ocrx_word' id='word_1_272' title='bbox 776 3067 896 3148; x_wconf 80' lang='lat' dir='ltr'><em>Syrus,</em></span> <span class='ocrx_word' id='word_1_273' title='bbox 919 3082 958 3130; x_wconf 89' lang='lat' dir='ltr'><em>nt</em></span> <span class='ocrx_word' id='word_1_274' title='bbox 979 3066 1108 3159; x_wconf 75' lang='lat' dir='ltr'><em>infelix</em></span> <span class='ocrx_word' id='word_1_275' title='bbox 1127 3097 1173 3137; x_wconf 87' lang='lat' dir='ltr'><em>se·</em></span> 
     </span>
     <span class='ocr_line' id='line_1_35' title="bbox 114 3140 1174 3237; baseline 0.002 -23"><span class='ocrx_word' id='word_1_276' title='bbox 114 3174 198 3224; x_wconf 79' lang='lat' dir='ltr'><em>nex,</em></span> <span class='ocrx_word' id='word_1_277' title='bbox 229 3146 307 3210; x_wconf 90' lang='lat' dir='ltr'><em>dum</em></span> <span class='ocrx_word' id='word_1_278' title='bbox 328 3147 418 3209; x_wconf 86' lang='lat' dir='ltr'><em>illius</em></span> <span class='ocrx_word' id='word_1_279' title='bbox 436 3144 548 3207; x_wconf 84' lang='lat' dir='ltr'><em>verbis</em></span> <span class='ocrx_word' id='word_1_280' title='bbox 561 3140 667 3232; x_wconf 87' lang='lat' dir='ltr'><em>fidem</em></span> <span class='ocrx_word' id='word_1_281' title='bbox 687 3145 808 3218; x_wconf 87' lang='lat' dir='ltr'><em>habet,</em></span> <span class='ocrx_word' id='word_1_282' title='bbox 839 3151 1062 3237; x_wconf 84' lang='lat' dir='ltr'><em>nequidquam</em></span> <span class='ocrx_word' id='word_1_283' title='bbox 1084 3178 1174 3220; x_wconf 85' lang='lat' dir='ltr'><em>omne</em></span> 
     </span>
     <span class='ocr_line' id='line_1_36' title="bbox 113 3228 1173 3318; baseline 0.006 -23"><span class='ocrx_word' id='word_1_284' title='bbox 113 3232 274 3318; x_wconf 88' lang='lat' dir='ltr'><em>oppidum</em></span> <span class='ocrx_word' id='word_1_285' title='bbox 286 3228 543 3310; x_wconf 85' lang='lat' dir='ltr'><em>perreptaverit.</em></span> <span class='ocrx_word' id='word_1_286' title='bbox 590 3230 726 3289; x_wconf 85' lang='lat' dir='ltr'><em>Interea</em></span> <span class='ocrx_word' id='word_1_287' title='bbox 744 3231 862 3302; x_wconf 88' lang='lat' dir='ltr'><em>Micio,</em></span> <span class='ocrx_word' id='word_1_288' title='bbox 884 3239 1027 3297; x_wconf 90' lang='lat' dir='ltr'><em>omnium</em></span> <span class='ocrx_word' id='word_1_289' title='bbox 1048 3239 1093 3300; x_wconf 82' lang='lat' dir='ltr'><em>ab</em></span> <span class='ocrx_word' id='word_1_290' title='bbox 1108 3243 1173 3305; x_wconf 84' lang='lat' dir='ltr'><em>He-</em></span> 
     </span>
     <span class='ocr_line' id='line_1_37' title="bbox 112 3307 1171 3409; baseline -0.008 -29"><span class='ocrx_word' id='word_1_291' title='bbox 112 3319 211 3399; x_wconf 85' lang='lat' dir='ltr'><em>gione</em></span> <span class='ocrx_word' id='word_1_292' title='bbox 231 3315 353 3378; x_wconf 81' lang='lat' dir='ltr'><em>certior</em></span> <span class='ocrx_word' id='word_1_293' title='bbox 372 3307 503 3400; x_wconf 78' lang='lat' dir='ltr'><em>factus,</em></span> <span class='ocrx_word' id='word_1_294' title='bbox 526 3311 664 3390; x_wconf 83' lang='lat' dir='ltr'><em>ipsemet</em></span> <span class='ocrx_word' id='word_1_295' title='bbox 684 3308 731 3370; x_wconf 87' lang='lat' dir='ltr'><em>ad</em></span> <span class='ocrx_word' id='word_1_296' title='bbox 744 3310 895 3375; x_wconf 87' lang='lat' dir='ltr'><em>mulieres</em></span> <span class='ocrx_word' id='word_1_297' title='bbox 910 3336 973 3392; x_wconf 88' lang='lat' dir='ltr'><em>pro</em></span> <span class='ocrx_word' id='word_1_298' title='bbox 967 3313 1101 3405; x_wconf 77' lang='lat' dir='ltr'><em>fectus,</em></span> <span class='ocrx_word' id='word_1_299' title='bbox 1120 3327 1171 3409; x_wconf 71' lang='lat' dir='ltr'><em>ja.</em></span> 
     </span>
     <span class='ocr_line' id='line_1_38' title="bbox 112 3390 1171 3491; baseline -0.007 -29"><span class='ocrx_word' id='word_1_300' title='bbox 112 3411 220 3462; x_wconf 86' lang='lat' dir='ltr'><em>centes</em></span> <span class='ocrx_word' id='word_1_301' title='bbox 241 3398 310 3485; x_wconf 74' lang='lat' dir='ltr'><em>jem</em></span> <span class='ocrx_word' id='word_1_302' title='bbox 331 3391 370 3455; x_wconf 82' lang='lat' dir='ltr'><em>ct&#39;</em></span> <span class='ocrx_word' id='word_1_303' title='bbox 386 3390 535 3491; x_wconf 82' lang='lat' dir='ltr'><em>afflictas</em></span> <span class='ocrx_word' id='word_1_304' title='bbox 555 3405 718 3464; x_wconf 84' lang='lat' dir='ltr'><em>erexerat,</em></span> <span class='ocrx_word' id='word_1_305' title='bbox 741 3392 893 3456; x_wconf 87' lang='lat' dir='ltr'><em>labantes</em></span> <span class='ocrx_word' id='word_1_306' title='bbox 913 3410 947 3459; x_wconf 91' lang='lat' dir='ltr'><em>et</em></span> <span class='ocrx_word' id='word_1_307' title='bbox 966 3400 1088 3466; x_wconf 85' lang='lat' dir='ltr'><em>dubias</em></span> <span class='ocrx_word' id='word_1_308' title='bbox 1099 3426 1171 3467; x_wconf 88' lang='lat' dir='ltr'><em>eon.</em></span> 
     </span>
     <span class='ocr_line' id='line_1_39' title="bbox 9 3469 1169 3575; baseline 0.004 -31"><span class='ocrx_word' id='word_1_309' title='bbox 9 3474 11 3483; x_wconf 68' lang='lat'>&#39;</span> <span class='ocrx_word' id='word_1_310' title='bbox 103 3482 327 3575; x_wconf 81' lang='lat' dir='ltr'><em>firmaverat,</em></span> <span class='ocrx_word' id='word_1_311' title='bbox 358 3478 504 3538; x_wconf 78' lang='lat' dir='ltr'><em>tristitia</em></span> <span class='ocrx_word' id='word_1_312' title='bbox 534 3497 574 3535; x_wconf 88' lang='lat' dir='ltr'><em>oe</em></span> <span class='ocrx_word' id='word_1_313' title='bbox 593 3494 739 3536; x_wconf 86' lang='lat' dir='ltr'><em>moerore</em></span> <span class='ocrx_word' id='word_1_314' title='bbox 758 3469 932 3566; x_wconf 82' lang='lat' dir='ltr'><em>confectas</em></span> <span class='ocrx_word' id='word_1_315' title='bbox 953 3501 1169 3560; x_wconf 84' lang='lat' dir='ltr'><em>recreaverat,</em></span> 
     </span>
     <span class='ocr_line' id='line_1_40' title="bbox 109 3556 1170 3646; baseline 0.004 -20"><span class='ocrx_word' id='word_1_316' title='bbox 109 3564 300 3646; x_wconf 84' lang='lat' dir='ltr'><em>pollicitus,</em></span> <span class='ocrx_word' id='word_1_317' title='bbox 339 3580 373 3621; x_wconf 92' lang='lat' dir='ltr'><em>se</em></span> <span class='ocrx_word' id='word_1_318' title='bbox 401 3559 561 3620; x_wconf 87' lang='lat' dir='ltr'><em>Aeschino</em></span> <span class='ocrx_word' id='word_1_319' title='bbox 590 3556 804 3637; x_wconf 85' lang='lat' dir='ltr'><em>Pamphilam</em></span> <span class='ocrx_word' id='word_1_320' title='bbox 839 3581 974 3624; x_wconf 83' lang='lat' dir='ltr'><em>uxorem</em></span> <span class='ocrx_word' id='word_1_321' title='bbox 1001 3566 1170 3632; x_wconf 84' lang='lat' dir='ltr'><em>daturum.</em></span> 
     </span>
     <span class='ocr_line' id='line_1_41' title="bbox 55 3639 1169 3731; baseline 0.005 -23"><span class='ocrx_word' id='word_1_322' title='bbox 55 3710 56 3715; x_wconf 63' lang='grc'>,</span> <span class='ocrx_word' id='word_1_323' title='bbox 116 3648 222 3712; x_wconf 80' lang='lat' dir='ltr'><em>Venit</em></span> <span class='ocrx_word' id='word_1_324' title='bbox 243 3644 392 3707; x_wconf 84' lang='lat' dir='ltr'><em>Demea:</em></span> <span class='ocrx_word' id='word_1_325' title='bbox 424 3639 564 3731; x_wconf 75' lang='lat' dir='ltr'><em>clamor,</em></span> <span class='ocrx_word' id='word_1_326' title='bbox 596 3640 760 3724; x_wconf 74' lang='lat' dir='ltr'><em>jurgium,</em></span> <span class='ocrx_word' id='word_1_327' title='bbox 778 3644 949 3707; x_wconf 61' lang='lat' dir='ltr'><em>&#39;convicia</em></span> <span class='ocrx_word' id='word_1_328' title='bbox 993 3649 1114 3712; x_wconf 86' lang='lat' dir='ltr'><em>Etiam</em></span> <span class='ocrx_word' id='word_1_329' title='bbox 1134 3672 1169 3714; x_wconf 91' lang='lat' dir='ltr'><em>eo</em></span> 
     </span>
     <span class='ocr_line' id='line_1_42' title="bbox 108 3721 1168 3811; baseline -0.007 -21"><span class='ocrx_word' id='word_1_330' title='bbox 108 3739 282 3809; x_wconf 83' lang='lat' dir='ltr'><em>praesente</em></span> <span class='ocrx_word' id='word_1_331' title='bbox 310 3723 456 3787; x_wconf 85' lang='lat' dir='ltr'><em>servulus</em></span> <span class='ocrx_word' id='word_1_332' title='bbox 483 3721 620 3803; x_wconf 82' lang='lat' dir='ltr'><em>quidam</em></span> <span class='ocrx_word' id='word_1_333' title='bbox 643 3721 873 3800; x_wconf 86' lang='lat' dir='ltr'><em>Ctesiphonem</em></span> <span class='ocrx_word' id='word_1_334' title='bbox 899 3748 960 3806; x_wconf 85' lang='lat' dir='ltr'><em>per</em></span> <span class='ocrx_word' id='word_1_335' title='bbox 981 3730 1168 3811; x_wconf 67' lang='lat' dir='ltr'><em>imprudm.</em></span> 
     </span>
     <span class='ocr_line' id='line_1_43' title="bbox 110 3802 1168 3897; baseline 0 -26"><span class='ocrx_word' id='word_1_336' title='bbox 110 3810 194 3873; x_wconf 85' lang='lat' dir='ltr'><em>tiam</em></span> <span class='ocrx_word' id='word_1_337' title='bbox 215 3809 386 3878; x_wconf 84' lang='lat' dir='ltr'><em>nominat;</em></span> <span class='ocrx_word' id='word_1_338' title='bbox 409 3803 465 3867; x_wconf 81' lang='lat' dir='ltr'><em>ille</em></span> <span class='ocrx_word' id='word_1_339' title='bbox 480 3825 551 3863; x_wconf 89' lang='lat' dir='ltr'><em>eum</em></span> <span class='ocrx_word' id='word_1_340' title='bbox 568 3802 678 3865; x_wconf 84' lang='lat' dir='ltr'><em>subito</em></span> <span class='ocrx_word' id='word_1_341' title='bbox 699 3807 844 3882; x_wconf 82' lang='lat' dir='ltr'><em>pervim</em></span> <span class='ocrx_word' id='word_1_342' title='bbox 864 3809 899 3868; x_wconf 89' lang='lat' dir='ltr'><em>in</em></span> <span class='ocrx_word' id='word_1_343' title='bbox 918 3811 1168 3897; x_wconf 63' lang='lat' dir='ltr'><em>ardeuirrups&#39;s.</em></span> 
     </span>
     <span class='ocr_line' id='line_1_44' title="bbox 108 3880 1168 3976; baseline -0.005 -22"><span class='ocrx_word' id='word_1_344' title='bbox 108 3904 170 3964; x_wconf 89' lang='lat' dir='ltr'><em>set,</em></span> <span class='ocrx_word' id='word_1_345' title='bbox 196 3912 289 3976; x_wconf 78' lang='lat' dir='ltr'><em>quem</em></span> <span class='ocrx_word' id='word_1_346' title='bbox 311 3886 508 3973; x_wconf 72' lang='lat' dir='ltr'><em>jampridem</em></span> <span class='ocrx_word' id='word_1_347' title='bbox 527 3885 675 3964; x_wconf 84' lang='lat' dir='ltr'><em>putabat</em></span> <span class='ocrx_word' id='word_1_348' title='bbox 692 3887 763 3947; x_wconf 85' lang='lat' dir='ltr'><em>ruri</em></span> <span class='ocrx_word' id='word_1_349' title='bbox 777 3880 957 3975; x_wconf 80' lang='lat' dir='ltr'><em>fodere,</em></span> <span class='ocrx_word' id='word_1_350' title='bbox 979 3908 1057 3957; x_wconf 90' lang='lat' dir='ltr'><em>aut</em></span> <span class='ocrx_word' id='word_1_351' title='bbox 1077 3918 1168 3960; x_wconf 89' lang='lat' dir='ltr'><em>ara.</em></span> 
     </span>
     <span class='ocr_line' id='line_1_45' title="bbox 107 3961 1168 4063; baseline -0.004 -27"><span class='ocrx_word' id='word_1_352' title='bbox 107 3996 164 4045; x_wconf 90' lang='lat' dir='ltr'><em>re,</em></span> <span class='ocrx_word' id='word_1_353' title='bbox 194 3985 269 4034; x_wconf 89' lang='lat' dir='ltr'><em>aut</em></span> <span class='ocrx_word' id='word_1_354' title='bbox 291 3961 612 4055; x_wconf 76' lang='lat' dir='ltr'><em>aliquidferre</em></span> <span class='ocrx_word' id='word_1_355' title='bbox 632 3968 933 4063; x_wconf 74' lang='lat' dir='ltr'><em>deniqu·e‚·.eum</em></span> <span class='ocrx_word' id='word_1_356' title='bbox 955 3978 1168 4042; x_wconf 56' lang='lat' dir='ltr'><em>accubantem</em></span> 
     </span>
     <span class='ocr_line' id='line_1_46' title="bbox 104 4050 1166 4132; baseline 0.005 -12"><span class='ocrx_word' id='word_1_357' title='bbox 104 4076 174 4121; x_wconf 86' lang='lat' dir='ltr'><em>eum</em></span> <span class='ocrx_word' id='word_1_358' title='bbox 191 4059 300 4118; x_wconf 87' lang='lat' dir='ltr'><em>amica</em></span> <span class='ocrx_word' id='word_1_359' title='bbox 312 4065 346 4116; x_wconf 89' lang='lat' dir='ltr'><em>et</em></span> <span class='ocrx_word' id='word_1_360' title='bbox 357 4053 507 4117; x_wconf 83' lang='lat' dir='ltr'><em>suaviter</em></span> <span class='ocrx_word' id='word_1_361' title='bbox 522 4051 728 4128; x_wconf 78' lang='lat' dir='ltr'><em>potitantene</em></span> <span class='ocrx_word' id='word_1_362' title='bbox 745 4050 969 4132; x_wconf 78' lang='lat' dir='ltr'><em>deprehendit.</em></span> <span class='ocrx_word' id='word_1_363' title='bbox 987 4086 993 4121; x_wconf 83' lang='lat'><em>·.</em></span> <span class='ocrx_word' id='word_1_364' title='bbox 1015 4060 1073 4122; x_wconf 83' lang='lat' dir='ltr'><em>Ibi</em></span> <span class='ocrx_word' id='word_1_365' title='bbox 1086 4064 1166 4127; x_wconf 85' lang='lat' dir='ltr'><em>ver&#39;o</em></span> 
     </span>
    </p>
   </div>
   <div class='ocr_carea' id='block_1_3' title="bbox 424 4174 466 4207">
    <p class='ocr_par' dir='ltr' id='par_1_3' title="bbox 424 4174 466 4207">
     <span class='ocr_line' id='line_1_47' title="bbox 424 4174 466 4207; baseline 0 -14"><span class='ocrx_word' id='word_1_366' title='bbox 424 4174 432 4207; x_wconf 53' lang='lat' dir='ltr'>x</span> <span class='ocrx_word' id='word_1_367' title='bbox 464 4188 466 4193; x_wconf 73' lang='grc'>,</span> 
     </span>
    </p>
   </div>
   <div class='ocr_carea' id='block_1_4' title="bbox 0 0 1306 4536">
    <p class='ocr_par' dir='ltr' id='par_1_4' title="bbox 0 0 1306 4536">
     <span class='ocr_line' id='line_1_48' title="bbox 0 0 1306 4536; baseline 0 6"><span class='ocrx_word' id='word_1_368' title='bbox 0 0 1306 4536; x_wconf 95' lang='lat' dir='ltr'><em> </em></span> 
     </span>
    </p>
   </div>
  </div>
 </body>
</html>
