2610 4544
331 220 781 347 Plancina.
1118 230 1204 375 355.

129 454 190 521 Pa.
205 449 275 535 Ego
291 447 1025 533 meselemiae,sneullameritocontumalia
1045 461 1069 511 t.
1076 460 1102 511 t.
1110 467 1138 511 c.
1158 454 1200 511 20

128 536 256 599 Fieri'a
276 536 363 594 vobis
383 548 510 615 posset3
530 532 628 612 idque
649 533 677 594 si
696 549 785 599 nunc
805 550 988 593 memorare
1008 531 1063 592 hic
1085 532 1200 602 velim,
1277 549 1288 558 ’

133 621 243 699 Quam
262 617 356 693 fideli
376 620 486 683 animo
498 631 541 680 ‚et
562 617 705 698 benigno
732 615 778 681 ints
794 615 887 675 illam
908 629 940 675 et
961 614 1117 681 clementi
1136 614 1199 689 fai,
1229 656 1235 677 .

130 703 216 762 Vere'
234 719 380 780 passuum
403 688 469 763 nisi.
485 713 518 761 te
540 719 581 760 ex
601 701 671 781 ipsa
689 697 771 759 baec
784 697 994 778 magavelim
1009 701 1198 758 resciscere:

129 787 281 865 Namque
303 803 341 844 eo
362 797 455 862 pacto
468 776 724 862 maxumesspud
737 790 772 840 te
784 800 858 866 meo
874 782 943 842 erit
959 783 1092 862 ingenio
1108 779 1200 857 fides,

131 868 218 929 Cum
245 864 321 937 illa,
335 869 434 944 ‘quae
463 868 500 927 in
524 876 579 927 me
594 880 697 937 manc
716 863 828 943 iniqua
847 877 928 934 ,ean¹
947 881 1052 943 aeque
1079 864 1118 925 de
1146 882 1202 923 me

232 982 235 989 =
330 960 343 977 '¹
387 1008 391 1015 ,
577 994 583 1003 ,
652 947 809 1011 dixerit..
912 1001 916 1011 .
1161 949 1219 1007 25'

129 1033 248 1110 Neque
269 1048 343 1097 mea
364 1027 459 1112 culpa
479 1030 540 1093 hoc
560 1028 734 1092 discidium
754 1028 913 1102 evenisse,
934 1027 970 1090 id
989 1032 1096 1101 testo'r
1108 1020 1202 1107 deos3
1223 1089 1226 1094 ,
1255 1047 1256 1051 ’

130 1113 196 1174 sea
217 1113 345 1193 quando
367 1133 434 1175 esse
455 1115 626 1196 indignam
648 1131 717 1174 sese
735 1109 886 1192 deputat,
907 1113 1005 1172 matri
1024 1098 1128 1187 meari,
1199 1156 1202 1167 .

133 1200 225 1280 Quae
246 1197 422 1267 concedat,
445 1197 576 1274 ejusque
596 1215 703 1257 mores
725 1195 840 1257 toleret
860 1215 916 1255 sua
937 1194 1106 1268 modestia,
1189 1230 1192 1235 ·
1256 1194 1258 1199 ’

131 1283 248 1359 Neque
270 1278 333 1339 alio
352 1294 446 1359 pacto
467 1292 572 1359 potest
593 1279 750 1356 componi·
766 1278 853 1345 inter
873 1299 925 1339 eas
946 1280 1068 1357 gratiat
1151 1334 1156 1342 .
1216 1292 1219 1301 ’

131 1361 333 1444 Segreganda
343 1377 399 1423 aut
408 1377 596 1425 materame
612 1359 846 1440 est‚Pbidippe,
862 1360 1141 1440 authilumenag
1163 1367 1204 1433 30

131 1447 230 1508 Nunc
251 1460 305 1504 me
326 1447 429 1522 pietas
449 1446 560 1507 matris
583 1445 688 1527 potius
711 1443 923 1505 commodum·
943 1441 1055 1504 suadei
1076 1445 1176 1524 aequi.

131 1530 172 1590 L.
192 1528 375 1607 Pamphile,
397 1528 486 1589 haud
505 1529 609 1589 invito
623 1525 664 1585 ad
682 1545 773 1586 aures
787 1528 953 1595 sermomi
968 1529 1100 1586 accessit
1117 1541 1203 1600 tuus,

134 1613 219 1672 Cum
240 1630 291 1670 res
313 1623 509 1692 postputasse
530 1623 564 1670 te
586 1611 690 1670 omnis
714 1629 791 1687 prae
809 1622 944 1690 parente
965 1609 1124 1690 intelligo.

132 1696 255 1753 Verum
276 1695 365 1765 vide,
386 1715 428 1756 ne
448 1694 596 1774 inpulsus
617 1693 667 1753 ira
687 1711 785 1771 prava
806 1694 949 1763 insistas,
971 1692 1152 1772 Pamphile.
1191 1732 1195 1739 .

132 1780 196 1846 Pa.
208 1776 333 1853 Quibus
343 1779 408 1838 iris
421 1794 511 1839 nunc
523 1773 673 1856 inpulsus
688 1777 730 1858 ⁸in
746 1774 840 1844 illam
852 1777 980 1855 iniquos
995 1778 1068 1847 sim.
1088 1779 1110 1839 i.
1119 1797 1142 1837 s.
1164 1784 1203 1839 35

135 1863 406 1940 Quaenunqunm
418 1878 492 1940 erga
508 1881 561 1919 me
577 1857 755 1938 quidquam
770 1861 961 1919 commerita
976 1872 1035 1931 est,
1052 1873 1204 1938 pater,-

134 1941 231 2020 Quod
251 1942 392 2012 nollem,
415 1954 446 2001 et
467 1961 560 2024 saepe
581 1943 751 2012 meritam,
773 1941 857 2019 quod
881 1941 1018 2013 vellem,
1042 1943 1127 2002 scio?

133 2031 281 2103 Amoque
303 2037 335 2084 et
355 2024 453 2084 laudo
476 2039 507 2086 et
529 2024 740 2095 vehementer
761 2024 937 2084 desideros'

132 2110 221 2170 Nam
241 2107 341 2168 fuisse
361 2124 437 2189 erga
458 2129 512 2169 me
533 2110 617 2171 miro
638 2108 773 2189 ingenio
796 2121 948 2185 expertus
969 2127 1054 2181 sum,
1261 2165 1263 2169 .

131 2190 249 2271 Illique
271 2205 409 2271 exopto,
431 2204 467 2250 ut
487 2192 651 2271 reliquam
671 2193 927 2274 vitamexigat.
997 2240 1005 2268 ,
1164 2193 1236 2263 4οΧ

134 2276 219 2335 Cum
239 2293 277 2332 eo
300 2276 387 2344 viro,
409 2288 463 2335 me
486 2275 542 2352 qui
564 2274 603 2332 sit
622 2271 835 2334 fortunatior:

135 2336 406 2434 Quandoq'uidem
425 2357 519 2415 illam
540 2372 558 2414 a
580 2374 634 2414 rue
655 2352 806 2435 distrahit
827 2356 1006 2418 necessitas.

133 2441 193 2499 Pu.
215 2436 292 2497 Tibi
312 2433 347 2496 id
366 2439 403 2496 in
423 2453 522 2497 manu
545 2450 608 2507 est,
630 2456 673 2497 ne
695 2435 761 2497 fiat.
785 2431 897 2505 'L.,Si
919 2452 1015 2498 sanus
1035 2437 1125 2498 satis:

134 2519 218 2578 Jube
240 2537 313 2580 eam
332 2518 446 2579 redire.
487 2522 545 2582 Pr.
566 2518 641 2579 Non
663 2532 711 2579 est
739 2519 930 2594 eonsilium,⁴
945 2535 1061 2596 patere

134 2597 252 2662 Matris
274 2598 400 2662 servibo
422 2598 610 2664 commodis.
653 2601 691 2663 L.
716 2603 789 2680 Quo
809 2599 900 2677 abis?
930 2598 1040 2665 Mane.
1164 2609 1204 2668 45
1260 2638 1262 2642 v

134 2685 248 2752 Mane,
270 2687 413 2764 inquam.
460 2688 532 2765 Quo
547 2681 633 2748 abis?
663 2689 721 2747 Pu.
735 2684 829 2763 ¹Quae
844 2681 923 2744 haec
938 2699 986 2760 est
1001 2687 1204 2765 pertinacia?

132 2765 176 2851 L.
192 2767 314 2839 Dirin’,
337 2764 506 2848 Philippa,
529 2764 615 2829 hanc
634 2789 705 2828 rem
725 2786 821 2848 aegre
842 2767 992 2843 laturum
1013 2788 1079 2830 esse
1101 2770 1205 2832 eum?

136 2851 360 2929 Quamobrem
382 2866 414 2912 te
437 2853 585 2922 orabam,
608 2850 711 2911 filiam
732 2864 770 2910 ut
791 2854 978 2933 remitteres.
1249 2864 1252 2869 '

136 3016 151 3021 ..
203 2975 243 3024 23.
266 2959 357 3020 nisi‘,
384 2957 441 3010 sod.
476 2959 520 3010 Ita
542 2969 596 3010 vet.
621 2957 682 3010 eod.
700 2957 918 3014 Lindenbroaii.
944 2957 993 3017 V.t
1016 2961 1063 3011 ni.
1099 2973 1140 3027 25.
1159 2959 1205 3012 Sic

120 3010 234 3094 splures
251 3037 281 3076 et
297 3025 432 3077 meliores
450 3024 530 3093 libri,
548 3028 580 3078 in
597 3026 643 3077 his
658 3027 683 3077 A
700 3035 729 3076 et
746 3027 769 3075 G
786 3013 911 3090 Beroll.,
933 3026 1029 3078 Bentl.
1048 3028 1094 3077 V.:
1114 3043 1206 3096 quae
1273 3046 1276 3053 ’

136 3092 288 3142 nuncin
306 3093 420 3143 mein.
439 3100 501 3142 cst.
527 3102 576 3154 eg.
597 3095 696 3164 Quae
713 3092 813 3145 Bemb.
826 3097 846 3144 'a
860 3109 948 3145 manu
966 3093 1067 3157 altera,
1088 3095 1205 3162 Guyet„

136 3161 160 3210 J.
178 3160 208 3208 F.
228 3160 353 3210 Gronov.
372 3157 535 3209 Observatt.
552 3173 578 3226 3,
596 3171 620 3221 8.
639 3174 704 3228 pag,
721 3173 779 3224 500,
797 3160 907 3224 Beati,
926 3161 975 3228 qui
993 3160 1085 3216 dedit:
1104 3163 1205 3231 Quae
1266 3164 1269 3187 ⁵

136 3241 249 3291 conc„
272 3241 439 3299 quaeque
464 3226 541 3288 ejus
563 3242 691 3285 mores.
720 3226 767 3280 Vm
792 3228 859 3281 Cui
882 3241 995 3291 conc,
1022 3230 1205 3296 cariusque
1286 3280 1289 3301 ι

136 3317 265 3354 mores.
298 3305 467 3372 Eiusque
483 3295 630 3367 δισυλλάβως
647 3303 821 3372 legendum,
840 3305 917 3354 sicut
933 3303 1037 3373 passim
1056 3303 1134 3371 apud
1152 3303 1206 3354 Co·

135 3389 235 3440 minos.
269 3399 310 3453 35.
327 3378 448 3454 Ἀμέτρως
464 3385 587 3457 legitur:
603 3392 637 3461 Q.
652 3388 886 3458 ir.impulsus
903 3403 998 3440 nunc
1016 3389 1054 3438 in
1069 3385 1125 3439 ill.
1139 3386 1205 3439 ini.

135 3477 227 3544 quos
244 3461 356 3512 siem?
380 3462 493 3514 Guelf.:
513 3461 547 3581 Q.
566 3462 596 3514 si
613 3464 691 3515 iris.
721 3465 745 3514 B
761 3462 870 3539 Berpl.:
922 3460 1024 3513 ulsus
1041 3478 1069 3512 n.
1088 3461 1127 3540 in
1146 3463 1204 3515 ill.

135 3548 182 3585 rn.
201 3528 299 3608 sum?
324 3529 347 3580 Α
365 3538 394 3608 et
412 3528 441 3607 C·
453 3531 525 3607 Baro
538 3530 559 3599 l
577 3538 686 3609 etlvett.
699 3529 781 3582 edel:
798 3545 873 3581 s1m.
923 3528 1010 3579 anth:
1028 3527 1122 3599 Quid
1140 3546 1204 3598 ego

108 3596 419 3716 '³‘tr.{¹.tz·”i‡.¹¹.
432 3595 557 3714 *bat
570 3598 757 3717 {stlat
782 3593 1204 3714 lttt⁸0⁹22²t.¹¹¹t‘.¹l⁸‘¹¹⁸·

108 3794 111 3799 ,
135 3668 184 3785 iet
201 3730 236 3781 st
254 3697 359 3782 sarius
377 3703 457 3795 sies,
475 3730 491 3781 J
499 3733 565 3782 ube
578 3742 632 3785 etc.
654 3733 718 3787 Vet.
733 3702 797 3782 aid.
815 3680 1009 3797 Lindeirbrog.
1030 3729 1097 3780 Aet
1115 3679 1204 3783 Cli}-

136 3795 217 3851 rollt
240 3797 275 3849 Si
298 3813 368 3850 san.
393 3798 485 3850 satis
501 3799 583 3850 sies.
609 3795 742 3851 BBerol.
760 3795 917 3849 Helmstad.
936 3809 965 3850 et
982 3803 1051 3846 vett.
1070 3795 1150 3849 edd.:
1174 3799 1205 3850 ri

95 3868 98 3875 '
135 3880 208 3915 san.
233 3865 392 3918 essetis.
428 3868 569 3933 Apparet,
588 3866 796 3936 supposititiam
813 3881 873 3916 esse
890 3861 1041 3932 copulam,
1068 3879 1142 3931 quae
1159 3866 1221 3916 in··‘

136 3931 305 4017 telliqenda,
323 3941 357 3984 ut
374 3931 445 3983 alibi
463 3935 627 3984 sexcenties.
659 3933 720 3984 Viti.
739 3940 799 3983 not.
817 3929 853 3981 ad
868 3932 942 3982 Eun.
960 3942 992 3994 5,
1014 3945 1059 3996 ιι,
1079 3945 1118 3995 ¹5·
1161 3950 1203 3997 44.

136 3997 182 4048 Ita
194 4000 299 4066 (stipat.
321 3998 430 4051 Durius
446 3990 531 4055 libii:
549 3999 664 4054 illam.
699 4009 740 4067 48.
754 3998 800 4053 Sic
812 3998 913 4052 Bemb.
931 3995 1037 4065 Bentl,
1056 3996 1134 4067 quod
1145 3999 1215 4050 ele-¹

136 4065 383 4143 ganttusvulqato,
398 4076 437 4120 ut
452 4064 508 4118 fil.
904 4092 907 4097 -
959 4092 964 4099 -
989 4096 1034 4105 ,..
1052 4096 1066 4107 ..
