2602 4536
129 274 202 356 ²⁶⁸
285 278 289 291 '
490 254 557 333 ..a
596 254 858 341 Turnum·
889 262 894 301 ·-
1011 238 1014 243 ·

126 441 199 512 Tu,
221 458 292 500 rem
312 436 418 518 perire
438 448 471 497 et
490 430 616 519 ipsum,
638 457 706 499 non
726 439 844 519 poteris
864 432 951 517 petit

125 522 212 585 Dare
230 523 411 604 denegaris:
434 521 496 581 ibit
517 520 558 581 ad
577 520 660 581 illu'd
681 521 782 592 illico,

125 609 193 687 Qui
215 622 368 667 maxume
389 604 475 684 apud
494 616 528 663 te
551 614 583 664 'se
603 603 710 665 valere
732 605 866 665 sentiet:
1064 621 1068 631 ·
1109 614 1112 619 ’
1156 638 1161 673 ι
1208 600 1211 605 ’

104 690 296 759 'Abiturum
318 708 351 747 se
376 688 482 746 abste
504 706 571 746 esse
591 686 682 747 illico
703 685 924 749 minitabitur.
1109 688 1113 695 '
1147 690 1203 747 td

122 769 178 834 Μ,
192 772 309 831 Videre
331 788 446 830 verum
467 772 565 848 atque
585 772 649 839 ita,
671 772 722 830 uti
742 790 792 830 res
813 774 879 841 est,
901 768 1018 827 dicere.

53 906 60 919 .
123 856 160 917 C.
183 853 342 914 Somnum
363 850 474 910 hercle
496 872 555 934 ego
576 851 637 911 hec
657 865 754 915 nocte
776 851 878 911 oeulis
899 870 965 911 non
986 847 1054 910 vidi
1075 848 1175 926 meis,

121 938 213 998 Dum
233 935 267 996 id
289 953 427 1015 quaero,
449 933 512 993 tibi
533 937 589 1014 qui
611 933 719 995 filium
739 934 947 995 restituerim.

11 1064 14 1069 ·
111 1016 170 1091 M.
192 1018 279 1081 Cedo
302 1011 467 1077 dextram!
489 1018 589 1077 Porro
610 1030 643 1077 te
665 1038 731 1088 oro,
752 1017 840 1077 idern
863 1029 900 1076 ut
916 1017 1024 1087 facias,
1046 1012 1197 1078 Chreme.

122 1104 158 1168 C.
179 1105 314 1164 Paratus
335 1119 418 1160 sum.
456 1095 504 1160 M.
520 1097 618 1173 Scin',
636 1118 724 1163 nunc
743 1099 943 1181 quidiacere
963 1110 996 1157 te
1016 1095 1118 1162 volo?
1162 1108 1196 1163 85

122 1187 158 1249 C.
181 1185 253 1246 Dic.
297 1180 347 1244 M:
367 1181 464 1259 Quod
485 1183 612 1243 sensisti
632 1183 705 1243 illos
726 1203 780 1243 me
801 1183 945 1263 incipere
966 1180 1096 1252 fallere,

119 1268 159 1329 Id
180 1280 219 1326 ut
238 1277 403 1327 maturent
421 1264 543 1325 faceret
567 1265 660 1346 cupio
681 1266 733 1326 illi
755 1264 841 1334 dare,

122 1332 218 1429 Quod
239 1347 327 1425 volt3
350 1346 443 1426 cupio
464 1351 573 1427 ipsum
594 1349 658 1425 jem
678 1348 792 1410 videre.
837 1348 874 1408 C.
897 1345 1039 1427 Operam
1059 1345 1155 1411 dabo.

50 1492 54 1503 ,
118 1434 260 1497 Paulum
281 1428 343 1489 hos
363 1432 473 1510 negoti
493 1430 543 1491 ini
562 1432 684 1491 obstat:
708 1429 813 1490 Simus
834 1440 867 1488 et
889 1428 987 1490 Crito·

20 1552 24 1569 =
64 1556 67 1565 ·
87 1516 92 1529 ⁴
118 1516 225 1577 Vicini
246 1514 352 1577 nostri:
368 1512 443 1572 hice
462 1514 633 1595 ambigunt
653 1515 693 1574 de
714 1513 855 1588 finibus3
1040 1520 1059 1555 -'
1156 1523 1196 1575 90

117 1598 177 1660 Me
199 1614 313 1675 cepere
334 1595 511 1657 arbitrum:
534 1597 587 1658 ibo
607 1616 644 1655 ac
666 1597 791 1667 dicam,
813 1608 851 1671 ut
871 1595 1021 1656 dixeram
1119 1650 1122 1655 .

47 1676 50 1687 ¹
119 1682 262 1763 Operam
279 1677 433 1738 daturum
453 1694 531 1748 me.
552 1678 649 1740 hodie
669 1699 736 1739 non
757 1698 847 1758 posse
861 1676 918 1738 'his
936 1675 1027 1741 dare.

119 1766 284 1829 Continuo
298 1761 352 1820 hic
367 1760 484 1821 adero.¹
500 1758 548 1823 M.
562 1762 622 1835 Ita,
646 1780 773 1843 quaeso·
790 1792 831 1805 -
852 1760 907 1830 Di,
926 1773 1068 1824 vostram
1080 1759 1193 1838 fidem,

115 1849 168 1911 Ins
188 1854 409 1923 comparatam
429 1862 496 1903 esse
517 1842 690 1905 hominum
712 1846 864 1905 naturam
886 1844 1048 1917 omnium,

114 1932 233 1992 Aliena
253 1938 291 1985 ut
311 1925 429 1993 melius
449 1925 579 1989 videant
599 1940 633 1988 et
654 1926 846 2002 dijudicent,
1155 1932 1192 1990 95

117 2013 226 2091 Quam
247 2010 319 2071 sua!
343 2008 396 2067 An
417 2028 454 2068 eo
477 2008 532 2080 fit,
555 2011 629 2090 quia
650 2015 740 2070 rein
761 2023 870 2072 nostra
890 2022 948 2070 aut
970 2008 1089 2092 gaudio

113 2142 270 2198 cunque.
303 2121 398 2193 Vulgo
422 2116 593 2195 hujusmodi
609 2114 721 2183 obtinet
732 2122 950 2205 'interpretatio
965 2118 1133 2197 euripum
1148 2128 1190 2195 vei

112 2213 211 2291 potius
228 2202 351 2277 sinerint
508 2216 511 2221 '
811 2210 819 2275 ζ
1034 2212 1037 2217 ’
1154 2212 1157 2217 ’

136 2274 148 2319 '·
243 2278 431 2346 Quodcunque
449 2277 579 2332 inciderit
596 2280 626 2331 in
643 2294 775 2350 mentem,
792 2283 883 2334 volet:
900 2300 987 2353 neque
1009 2283 1049 2339 id.
1099 2274 1102 2279 ⁵

226 2345 350 2407 foratu
365 2362 478 2414 pravom
495 2346 569 2415 (eod.
587 2349 706 2403 Februa
724 2352 937 2418 pretumne)
956 2368 993 2400 nn
1005 2364 1113 2413 reorum
1129 2352 1189 2418 siet,

227 2424 235 2435 '
653 2444 669 2459 ι-
731 2418 783 2466 uod
820 2430 882 2466 etet.

112 2481 216 2543 ouod
232 2480 366 2552 cuique
385 2496 532 2550 dunque
548 2497 602 2550 pro
622 2497 665 2547 so,
703 2434 762 2534 iilud
779 2435 823 2534 espt
839 2480 1100 2553 Quodcunque
1115 2485 1186 2537 cui·

112 2545 199 2623 q'ue,
217 2566 270 2620 per
286 2546 400 2601 tmesin.
433 2564 477 2615 79.
497 2546 570 2666 qui
587 2562 639 2618 pro
655 2500 704 2601 nii
727 2558 773 2601 ato
787 2551 869 2618 ,Quo
887 2546 1111 2619 Guyeti‚iisg.,'
1129 2552 1188 2611 tun

110 2620 233 2681 brient,
251 2622 280 2667 et
298 2613 362 2667 edd.
382 2630 397 2664 2
414 2615 496 2667 Medi
530 2652 553 2682 .‚
570 2616 641 2667 item
659 2617 682 2669 B
699 2565 795 2668 fieret.
814 2616 892 2666 Frib.
909 2618 1032 2683 Ascens,
1050 2616 1134 2689 quod
1145 2634 1189 2671 re·

112 2696 159 2738 ote
171 2687 220 2736 Gn
242 2689 303 2734 etus
316 2681 466 2749 praetulit.
501 2693 542 2744 80.
559 2681 607 2733 sic
623 2684 699 2737 bon'e
711 2693 777 2752 pars
790 2683 966 2761 scriptorum
983 2691 1012 2734 et
1029 2692 1099 2737 vett.
1113 2684 1188 2751 edd,

109 2754 143 2811 in
160 2751 204 2804 his
220 2700 299 2801 {rib
318 2750 381 2799 Asc.
416 2748 556 2814 Vuigatae
569 2746 703 2800 lectionis
719 2749 930 2801 minabatur
948 2758 977 2801 et
989 2752 1109 2809 numeri
1122 2760 1189 2805 sunt

111 2818 283 2882 debiliores,
302 2823 347 2880 et,
366 2812 442 2890 quod
458 2815 616 2865 maximum
633 2824 692 2880 est,
710 2816 837 2885 speciem
855 2815 944 2867 habet
960 2832 993 2867 ea
1011 2818 1187 2891 interpreta-

109 2887 206 2938 tionis.
241 2891 283 2950 85.
301 2880 542 2934 restituerint
559 2882 583 2930 A
596 2880 702 2944 Berol.,
720 2891 754 2932 ut
770 2881 828 2961 legi
842 2882 969 2934 malebat
981 2882 1100 2953 Gnyet„
1118 2884 1187 2955 quit

110 2949 419 3018 ‚‚restituerim,“
437 2948 543 3021 inquit,
562 2946 630 3011 „hie
645 2963 701 3065 pro
717 2956 920 3003 restituam
936 2950 1064 3018 pbsitnm
1081 2960 1132 3017 est,
1151 2958 1186 3001 nt

110 3015 411 3085 dixeritaliquis
430 3031 481 3083 pro
499 3013 637 3069 dicata
662 3016 671 3065 i
705 3013 929 3066 nisetsimilia.
956 3019 987 3062 rt
1005 3017 1183 3069 restitue-

109 3099 188 3137 rem
204 3090 301 3133 eutem
320 3080 508 3150 (vulgatum)
527 3079 610 3131 nulio
627 3032 714 3147 modii
731 3081 781 3133 hic
797 3070 942 3153 buadrare
959 3083 1105 3138 rideturss
1139 3092 1182 3148 34.

108 3152 157 3204 stc
173 3150 236 3201 fere
251 3149 369 3225 scripti,
388 3148 478 3201 etiam
493 3148 599 3210 nostri,
619 3159 648 3199 et
664 3158 733 3201 vett.
753 3149 816 3200 edd.
840 3151 888 3203 V.:
906 3165 1015 3224 porro
1033 3159 1069 3203 te
1086 3148 1183 3203 idem

109 3233 187 3282 oro,
213 3212 291 3283 quod
308 3223 338 3265 et
353 3217 449 3283 ipsum
468 3231 526 3266 non
543 3215 654 3266 melum
672 3225 730 3281 est,
758 3218 789 3267 in
828 3232 865 3274 uu
882 3215 1010 3268 lectione
1036 3225 1072 3268 te
1091 3220 1181 3270 ictum

109 3283 255 3352 excipiens
271 3297 329 3332 non
347 3282 475 3339 eliditur.
515 3289 555 3346 85.
574 3284 618 3333 Ita
640 3282 732 3346 Frib.‚
756 3234 833 3352 quoti
857 3282 1002 3334 efficacius
1019 3281 1182 3353 lectiusqne

108 3353 228 3420 vulgato
247 3347 344 3421 ¹quid
366 3365 471 3401 nunc.
512 3356 554 3409 88.
573 3350 693 3400 Versum
714 3350 830 3417 Syrus
847 3358 902 3400 eto.
928 3359 957 3401 et
974 3366 988 3399 2
1006 3367 1055 3419 seq
1079 3389 1104 3414 .,
1132 3350 1181 3419 qui

108 3419 197 3486 vulgo
215 3424 279 3487 post
296 3416 373 3471 hunc
388 3432 502 3467 versum
518 3414 667 3483 leguntur,
685 3417 716 3467 in
733 3418 791 3468 fine
809 3434 910 3468 scenae
927 3368 1109 3470 collocandos
1122 3434 1180 3469 esse

108 3483 255 3539 intellexit
270 3480 364 3537 Bentl.
400 3481 590 3535 Desideratur
615 3492 714 3534 antem
731 3484 768 3533 'in
793 3483 918 3551 vulgetis
943 3482 1028 3533 libris
1051 3485 1179 3554 ipsum,

109 3553 187 3623 qnod
201 3551 331 3602 additum
348 3549 519 3616 aBentlojo‚
537 3550 691 3618 versuique
704 3566 762 3601 non
774 3552 869 3605 minus
884 3550 1078 3602 necessarium
1093 3566 1179 3620 quem

108 3620 278 3681 sententiae,
297 3616 421 3669 habetur
439 3617 470 3666 in
488 3621 510 3668 A
528 3618 622 3668 Berol.
640 3617 718 3668 b‘rib.
736 3623 850 3668 Arcens.
885 3622 926 3684 89.
944 3618 987 3667 Ita
1004 3617 1178 3681 Bentlejani,

108 3689 132 3738 A
149 3696 178 3738 et
196 3689 218 3738 B
236 3683 362 3747 uersu„
380 3682 442 3734 edd.
459 3694 529 3735 vett.
552 3685 601 3736 tt:
620 3682 829 3735 Paululum.
864 3700 906 3752 9⁰·
925 3683 1017 3734 hice.
1041 3685 1065 3734 A
1083 3680 1177 3739 Berol.

108 3753 164 3817 bi,
190 3770 262 3820 quae
279 3759 322 3802 est
339 3751 433 3803 minus
451 3757 605 3802 consuetae
622 3750 733 3803 formae
749 3750 960 3819 interpretatio.
984 3748 1178 3820 Lindenbrog.

106 3819 182 3872 liber
199 3830 293 3872 tetus:
310 3817 407 3869 hinc.
433 3819 481 3873 V.:
498 3817 576 3878 bic,
594 3817 672 3884 quod
688 3816 802 3872 nullam
820 3819 878 3870 vim
895 3818 991 3869 hebet.
1026 3817 1096 3871 Hie
1113 3834 1178 3887 pro·

106 3902 213 3949 nornen
225 3886 364 3939 usitatum
377 3887 408 3934 in
418 3885 518 3935 vicinis
530 3892 559 3934 et
571 3883 775 3936 familiaribus.
809 3901 851 3951 92.
863 3885 919 3936 his
932 3884 955 3935 A
967 3884 1062 3936 Berol.
1077 3884 1177 3937 Heinr-

108 3952 178 4005 stsd.
192 3955 305 4005 Arcens.
318 3953 414 4005 Frib.t
431 3951 482 4014 bii
492 3968 512 4002 s.
537 3952 559 4002 B
573 3962 603 4002 et
616 3952 639 4003 C
651 3951 775 4007 berolti
790 3955 822 4002 ei
832 3969 852 4002 s.
869 3954 917 4002 V.:
935 3950 991 4000 iis.
1026 3951 1068 4018 96.
1084 3950 1175 4003 Prin:

110 4037 153 4072 an
176 4034 216 4070 so
233 4018 300 4072 hoe
315 4019 373 4075 tit.
403 4019 637 4076 lindissem.
664 4021 714 4075 Vn
736 4018 776 4070 in
793 4037 858 4084 re„
871 4015 947 4085 quod
965 4017 1062 4069 versui
1080 4020 1195 4071 minus.

108 4087 262 4141 convenit..
290 4090 295 4097 '
